2588 4574
135 253 197 317 ιω
432 272 438 281 -
503 243 784 299 eumenus

558 399 658 449 ΑῙΓΕ
666 397 692 446 T
698 397 730 446 Σ.

134 484 269 549 πολλῶν
288 480 377 545 ἕκατι
393 471 495 562 τήνδε
514 491 566 540 σοι
583 475 704 538 δοῦναι
721 467 831 557 χάριν,

134 579 253 666 γύναι,
273 575 450 667 πρόθυμός
470 579 554 661 εἰμι,
573 577 690 660 πρώτα
707 570 770 659 μὲν
786 573 893 653 θεῶν,
1107 583 1157 635 715

137 688 250 751 ἔπειτα
268 684 420 764 παίδων,
440 667 489 743 άν
509 672 707 760 ἐπαγγέλλει
726 669 839 758 γονάς.

137 789 184 862 εἰς
202 786 302 850 τοῦτο
320 778 386 868 γάρ
404 775 447 865 δὴ
466 774 617 867 φροῦδός
637 779 704 862 εἰμι
721 776 787 853 πάς
807 768 882 858 ε’γσό.

137 882 226 952 οὕτω
245 879 277 950 δ’
299 887 364 969 ἔχει
382 896 452 968 μοι·
479 882 542 946 σοῦ
560 875 624 965 μὲν
644 874 810 961 ἐλθούσης
829 870 952 960 χθόνα,

136 983 340 1073 πειράσομαί
362 1005 425 1051 σον
442 979 620 1069 προξενεῖν
639 981 766 1056 δίκαιος
785 973 850 1043 άν·

135 1084 277 1154 τοσόνδε
294 1086 407 1172 μέντοι
425 1102 476 1150 σοι
493 1084 732 1171 προσημαίνω,
750 1075 867 1163 γύναι·

138 1189 173 1254 εἰι
190 1190 293 1274 τῆσδε
309 1184 373 1274 μὲν
390 1189 452 1271 γῆς
470 1179 514 1251 οά
533 1178 565 1250 σ’
586 1179 681 1266 άνειν
699 1174 920 1266 βουλήσομαι,

136 1282 223 1374 aiei}
243 1285 275 1356 δ’
297 1285 421 1373 ἐάνπερ
439 1290 487 1363 είς
508 1281 609 1371 ἐμούς
628 1287 732 1370 ἔλθῃς
751 1278 890 1367 δόμους,

137 1403 250 1478 μενεῖς
269 1386 412 1472 άσνλος,
430 1383 495 1454 κοῦ
513 1403 550 1452 σε
567 1381 612 1470 μὴ
630 1387 726 1471 μεθῶ
743 1408 818 1449 τινι.

138 1493 175 1558 ἐκ
192 1494 294 1578 τῆσδε
312 1485 346 1556 δ’
367 1484 454 1574 αὐτὴ
472 1491 534 1573 γῆς
554 1482 774 1552 ἀπαλλάσσου
794 1479 899 1550 πόδα·

138 1590 287 1670 ἀναίτιος
306 1587 371 1677 γάρ
390 1588 445 1657 καὶ
463 1588 570 1669 ξένοις
589 1583 675 1655 εἶναι
692 1584 795 1653 θέλω.

560 1714 740 1766 ΜΗΔΕΙΑ.
819 1716 821 1719 ’

143 1799 236 1862 ἔσται
252 1790 345 1861 τάδ’·
368 1788 454 1860 ἀλλά
473 1796 584 1869 πίστις
604 1793 636 1857 εἰ
651 1785 781 1874 γένοιτό
798 1813 854 1873 μοι

205 1959 772 2037 νπσὼππαωωπυωε

139 2103 156 2159 ἒ
205 2042 309 2157 θῧξλ
333 2035 392 2105 ἔχει
409 2055 458 2104 μοι
477 2037 530 2105 (vo.
548 2031 606 2103 ἔχει
623 2036 683 2102 μοι)
696 2036 725 2086 Β.
745 2029 871 2100 ἕχοιμιΟ
889 2028 948 2101 ἔχει
960 2049 1009 2099 μοι
1027 2048 1057 2083 ιο
1074 2029 1159 2100 0[.].

172 2124 234 2158 ott
298 2145 303 2158 .

154 2125 171 2174 χ
202 2125 240 2227 ιδ’.
253 2176 312 2226 719.
329 2173 406 2222 habet
418 2171 611 2222 Eustathius
624 2171 657 2221 ad
669 2171 699 2219 ll.
712 2187 739 2236 p.
753 2170 818 2225 405.
832 2172 872 2220 15.

206 2243 238 2294 V.
251 2243 309 2292 ⁷20.
322 2234 439 2306 τοσόνγε
452 2239 538 2288 BBO.
553 2239 623 2300 quod
636 2240 659 2287 ei
676 2238 796 2287 scribitur
808 2228 893 2288 τόσον
904 2252 937 2302 νε
951 2231 1060 2302 μέντοι,
1074 2252 1121 2302 per
1134 2251 1163 2286 se

138 2310 232 2360 falsum
245 2323 296 2359 non
309 2317 356 2358 est.
369 2308 402 2358 cf.
415 2308 448 2357 ad
459 2306 630 2355 Devarium
641 2306 693 2358 vol.
705 2306 737 2353 11.
750 2320 777 2370 p.
788 2307 837 2356 342
850 2321 890 2368 sq.
904 2296 1025 2356 τοσόνδε
1037 2305 1106 2358 eod.
1125 2303 1163 2353 De

139 2378 229 2427 ceteris
244 2390 295 2426 non
307 2384 417 2426 constat.
436 2371 609 2441 προσημανῶ
623 2389 645 2423 c.

207 2445 240 2498 V.
253 2447 310 2498 723.
328 2442 411 2511 μεθῶ
424 2457 494 2494 ποτε
507 2442 664 2491 Musurus.

174 2598 208 2647 V.
222 2598 280 2648 717.
305 2590 338 2646 εἰ
343 2613 356 2654 ς
374 2593 477 2645 τοῦτο
495 2585 561 2658 γάρ
581 2585 623 2657 δὴ
675 2602 743 2642 certe
755 2586 783 2652 ἐς
795 2586 863 2643 τόδε
875 2593 907 2642 de
919 2601 1035 2658 ternpore
1046 2591 1165 2641 dicituro

140 2655 296 2729 φροῦδός
314 2658 385 2727 εἰμι
402 2653 471 2723 κτὲ.]
490 2661 623 2725 Dupiicem
676 2661 865 2711 Pausaniel.
880 2662 921 2719 17,
933 2662 959 2713 4.

139 2730 375 2780 horumverborum
389 2729 624 2793 interpretationem
710 2726 744 2778 V.
763 2729 821 2782 718.
845 2719 932 2778 οὕτω
951 2717 980 2777 δ’
1000 2722 1074 2793 ἔχει
1091 2724 1164 2792 μοι]

139 2796 625 2864 proposuitScholiastes,quarum
677 2794 1166 2846 adhuncmodumeesehcbent

139 2866 258 2925 alteram,
281 2881 358 2928 quam
376 2863 416 2913 his
434 2864 518 2913 verbis
540 2862 625 2926 expli·
676 2879 726 2913 res
738 2879 830 2913 meae.
844 2878 951 2913 nerra.
963 2862 1166 2913 Videadvfflss.

139 2935 388 3013 catgrommatiousz
408 2924 626 2991 ελςτὸπαῖδας
710 2931 743 2979 V.
765 2934 823 2983 723.
853 2922 917 2982 ιιοό
938 2944 973 2982 σε
995 2922 1039 2997 μὴ
1065 2926 1165 2995 μεθῶ

140 3015 259 3068 ποιησαι
283 2996 363 3053 πάνυ
385 2991 553 3051 ἐσπούδακα
576 2993 628 3049 καλ
679 2994 770 3064 τινι]
795 3014 850 3047 nec
870 2998 1041 3048 verendum
1062 3008 1167 3048 estne

140 3062 298 3134 πρόθυμός
311 3064 377 3134 εἰμι.
403 3063 462 3118 ἔστι
475 3062 508 3118 δὲ
522 3066 627 3131 κυρίως
679 3067 751 3116 tein
769 3065 868 3115 ullius
885 3067 1019 3131 gratiam
1033 3066 1167 3115 missam

140 3130 379 3201 προωδευιιάς.
393 3135 512 3198 probavit
524 3134 628 3182 Elms-
679 3134 802 3183 faciam.
824 3131 867 3182 Sic
882 3129 940 3184 τινὶ
951 3132 1034 3183 multo
1051 3141 1167 3198 praestet

138 3202 231 3252 leius.
255 3202 293 3250 lta
304 3202 357 3250 fere
369 3200 396 3249 id
408 3201 543 3264 diceretur,
557 3200 627 3262 quod
679 3202 716 3260 ei,
746 3201 816 3262 quod
846 3200 997 3250 Musurus
1027 3201 1168 3266 proposuit

138 3268 626 3318 nosinvitecotidianasoiemususur-
677 3263 757 3317 ποτέ.

139 3350 215 3400 pere:
248 3333 364 3383 darauf
390 3335 442 3382 bin
472 3334 521 3382 ich
545 3349 626 3398 ganz
711 3335 745 3384 V.
768 3335 827 3387 724.
856 3325 1086 3388 ἀπαλλάσσου
1107 3332 1168 3389 πό-

140 3418 206 3452 aue.
231 3401 327 3450 Verum
344 3411 429 3450 tamen
447 3401 628 3465 exemplahu-
680 3398 739 3468 δα]
764 3402 861 3452 Piroen.
878 3405 937 3456 979.
955 3395 1043 3470 φεῦγ’
1062 3396 1100 3464 ὥς
1117 3395 1167 3457 τά·

139 3470 180 3519 ius
198 3468 396 3534 significationis
408 3468 524 3518 vocabuli
537 3468 628 3533 φροῦ-
679 3484 762 3535 χιστα
779 3459 864 3536 τῆσδ’
877 3461 1081 3537 ἀπαλλαχθεὶς
1094 3473 1167 3539 χθο-

140 3535 191 3597 δος
215 3537 301 3587 adiato
325 3537 394 3586 nulia
417 3546 491 3596 eunt,
521 3548 548 3586 ut
571 3538 627 3586 iure
678 3530 883 3597 vo'g.r›1rcuox.
906 3538 1005 3605 Nempe
1019 3530 1168 3591 ἀπαλλάσ-

141 3620 265 3666 queamus
284 3605 316 3655 de
327 3606 432 3655 veritate
445 3605 625 3671 explicationis
678 3620 730 3657 σου
742 3598 820 3657 πόδα
832 3606 928 3656 dictum
941 3616 989 3666 est,
1002 3608 1073 3669 quod
1084 3609 1168 3658 active

139 3673 265 3722 dubitare.
304 3674 473 3732 Quamobrem
496 3674 527 3722 Α.
546 3673 625 3722 Mot—
677 3689 724 3738 per
736 3674 864 3739 duplicem
874 3676 1049 3724 accusativum
1060 3675 1110 3725 dici
1139 3689 1168 3724 o·

141 3739 227 3788 thiae
255 3743 342 3805 potius
367 3742 405 3790 sic
431 3743 625 3805 interpretatur:
676 3750 753 3790 terat:
778 3733 976 3793 ἀπαλλάσσειν
993 3734 1060 3793 τινά
1077 3690 1165 3793 πόδα.

140 3803 230 3862 Quod
253 3809 335 3855 enim
364 3808 484 3857 adhoc
512 3809 627 3857 attinet
679 3807 717 3856 Cf.
736 3809 830 3862 Hecub.
848 3809 907 3861 812.
926 3808 1014 3874 Οἶμαι
1032 3801 1167 3874 τάλαινα,

140 3867 195 3933 (εἰς
207 3871 318 3936 τοῦτο),
336 3883 422 3924 totus
436 3876 565 3934 evanui,
578 3876 626 3923 vi·
677 3879 733 3925 ποῖ
739 3867 772 3939 μ’
782 3866 1037 3941 όπεξάνειςπόδας
1052 3893 1109 3927 curn
1120 3877 1168 3928 ad·

140 3954 190 3988 res
212 3940 473 3990 medeiecerunt.
508 3942 626 3991 Fortasse
678 3944 810 3991 notatione
831 3943 861 3992 R.
880 3945 1025 3997 Porsoni.
1059 3945 1168 3996 Dehoc

141 4001 182 4064 εἰς
199 4004 285 4058 τοῦτο
301 4008 334 4057 ad
350 4017 452 4071 ternpus
470 4008 557 4057 referri
578 4023 626 4074 po·
678 4024 772 4073 genere
795 4020 834 4060 est
855 4011 930 4060 etiam
952 4013 1165 4078 Aristophan.

141 4082 203 4138 test,
221 4083 250 4122 ut
264 4074 313 4124 hoc
329 4076 375 4124 sit:
395 4091 495 4137 usque
511 4076 624 4136 adhuc,
677 4076 835 4142 Thesmoph.
848 4081 907 4132 491.
920 4072 1044 4145 στρόφος
1057 4074 1091 4146 μ’
1105 4075 1166 4147 ἔχει

141 4156 242 4204 usque
265 4142 303 4192 ad
327 4143 358 4193 id
382 4144 545 4208 temporis.
581 4143 625 4194 Sic
676 4135 732 4210 τὴν
743 4140 877 4210 γαστέρα.
