2588 4574
557 274 739 326 MEDEA.

562 427 740 480 ΜΗΔΕῙΑ.

160 494 300 567 νέτνῦτό
318 496 349 566 τ’
370 495 476 586 εἶχεν,
496 496 581 568 ἄλλα
599 499 773 589 βάρβαρον
791 501 885 588 λέχος

158 596 226 687 apris
242 604 347 689 γῆρας
366 595 430 668 οὐκ
448 597 590 682 εὔδοξον
609 601 759 687 ἐξέβαινέ
773 622 834 670 σοι.

576 729 718 781 ΙΑΣΩΝ.

157 792 265 871 νένῦν
281 798 356 870 τόδ’
377 811 467 889 ἴσθι,
485 798 531 890 μὴ
549 800 708 888 γυναικὸς
726 801 852 870 οὕνεκα

155 907 246 992 γῆμαί
259 929 300 991 με
318 901 440 992 λέκτρα
456 903 637 991 βασιλέως,
656 900 678 971 li
696 907 763 972 νῦν
782 908 858 990 ἔχω,

155 998 228 1092 ἄλλ’,
247 1003 362 1092 ὥσπερ
380 1001 477 1073 εἶκον
494 1004 552 1072 καὶ
570 1003 695 1095 πάρος,
715 1010 822 1074 σῶσαι
838 1004 954 1072 θέλων

206 1151 236 1200 V.
250 1153 309 1202 591.
329 1147 470 1218 βασιλέως
482 1152 551 1202 libri.
572 1148 712 1218 βασιλέων
724 1152 822 1201 Elmsl
831 1153 908 1202 cius.

151 1268 260 1318 nonnulla
289 1270 389 1319 notavit
411 1269 559 1319 Monlrius
588 1271 622 1319 ad

89 1384 92 1401 ἱ
149 1334 233 1386 Aloest.
246 1336 297 1386 285
329 1337 396 1386 Vide
407 1337 466 1387 adn.
479 1337 512 1386 ad
524 1337 620 1386 Hecub.

89 1408 91 1415 '
147 1405 196 1457 332.
214 1417 337 1455 renuere.
362 1403 400 1453 De
411 1406 489 1454 verbo
501 1402 619 1468 τολμᾶν,

146 1471 207 1533 qnod
233 1481 273 1521 est
301 1473 332 1520 in
365 1473 501 1525 animum
525 1473 622 1523 indu-

145 1553 219 1604 cere,
232 1539 329 1589 dictum
342 1538 368 1587 in
383 1539 470 1589 Addit.
482 1539 517 1589 ad
528 1540 622 1592 Athen.

143 1609 449 1672 pwmnmm.

172 1674 202 1726 V.
216 1675 276 1725 588.
296 1663 492 1725 οὗτοῦτόσ’
508 1667 620 1740 εἶχεν]

142 1740 209 1799 Quod
220 1740 451 1791 ilirchhollius
469 1742 619 1806 proposuit:

140 1798 172 1859 oti
194 1806 279 1860 τοῦτο
303 1798 330 1858 o'
356 1799 415 1859 ἔτ’
441 1798 492 1868 ἄν,
516 1810 621 1859 minime

138 1876 298 1955 probandum
311 1884 357 1925 est.
381 1824 447 1924 llam
464 1891 547 1938 neque
557 1892 618 1943 par-

137 1944 212 1995 ticula
224 1959 262 1994 αν
274 1943 317 1993 hic
332 1942 416 1993 locum
432 1942 509 1993 habet
526 1953 551 1993 et
562 1959 619 1993 ver-

136 2012 180 2071 ba,
202 2026 270 2074 quae
290 2011 317 2059 in
333 2010 406 2060 libris
425 2020 497 2070 aunt,
516 2020 619 2062 senten-

136 2081 196 2129 tiam
208 2078 269 2127 huic
280 2078 338 2127 loco
350 2078 463 2127 maxime
474 2092 619 2128 accommo-

135 2147 220 2197 datam
238 2145 344 2195 babent:
369 2144 435 2195 Non
452 2146 510 2195 boc
527 2156 557 2195 tc
572 2155 620 2195 te-

134 2216 247 2273 nebat,
264 2227 372 2262 verum
389 2223 436 2263 etc.
466 2214 533 2263 Vide
554 2228 620 2275 quae

134 2295 215 2348 supra
236 2281 359 2331 adnotata
379 2290 440 2330 sunt
460 2281 493 2330 ad
514 2296 538 2329 v.
562 2282 618 2332 140.

134 2347 618 2425 NonmagisplacetquodNaupkius

134 2432 218 2483 nuper
230 2416 352 2466 coniecit:
365 2406 400 2466 oti
412 2407 498 2466 τοῦτό
510 2428 526 2465 c
550 2408 619 2478 εἷρ-

133 2499 202 2550 ystr-
228 2482 385 2533 Sententiam
399 2485 466 2533 enim
480 2482 557 2531 buius
571 2481 620 2531 loci

132 2553 279 2603 rectissime
290 2549 430 2615 explicavit
445 2551 496 2599 iarn
508 2548 620 2615 Pllug-

132 2620 221 2670 hius:
247 2617 315 2668 Non
331 2618 409 2668 haec
427 2628 455 2667 te
471 2617 621 2667 movebat

134 2687 311 2752 cogitatio,
342 2685 397 2735 aed
424 2699 524 2734 meum
551 2699 620 2733 mn-

132 2755 231 2807 lieris
255 2753 411 2805 barbarae
434 2752 620 2815 coniugium

134 2823 162 2873 si
181 2821 220 2871 ad
238 2830 433 2873 senectutem
451 2834 554 2881 usquc
570 2833 620 2868 re-

133 2889 300 2940 tinendum
325 2897 424 2947 esset,
449 2886 619 2950 verebare,

134 2972 171 3007 ne
184 2955 262 3018 qnid
275 2954 550 3005 indedetrimenti
568 2964 620 3003 tua

134 3025 371 3087 lamacaperet.

169 3092 206 3141 V.
224 3092 284 3141 591.
307 3087 419 3155 γῆμαί
434 3103 476 3154 με
495 3082 621 3150 λέκτρα

135 3152 326 3224 βασιλέως]
363 3156 434 3207 Hanc
469 3157 623 3219 scripturam

136 3227 255 3277 omnium
267 3225 390 3275 librorum
398 3223 550 3273 anctoritate
562 3236 624 3271 con-

134 3293 265 3343 firmatam
286 3291 446 3358 grammatici
468 3303 557 3339 omnes
578 3304 624 3338 us-

135 3375 189 3423 que
200 3359 235 3410 ad
247 3357 432 3409 Elmsleium
449 3358 624 3420 obtinuerunt,

136 3428 183 3490 qui
200 3427 299 3491 primus
317 3441 331 3475 e
347 3427 453 3484 v.140.,
472 3425 515 3473 ubi
532 3424 626 3488 legitur

136 3488 256 3558 τὸνμὲν
268 3486 323 3559 γὰρ
336 3487 395 3558 ἔχει
408 3486 512 3559 λέκτρα
521 3483 625 3556 τνραν-

136 3578 213 3622 νων,
235 3561 399 3613 scribendum
417 3575 475 3609 esse
492 3560 626 3609 existima-

137 3631 176 3678 vit
189 3622 294 3693 λέκτρα
307 3623 457 3695 βασιλέων,
471 3627 542 3689 quod
555 3626 625 3690 apud

136 3699 231 3763 poetas
242 3700 366 3760 tragicos,
375 3695 419 3745 ubi
428 3695 555 3745 diceretur
563 3687 624 3744 λέκ-

136 3780 192 3830 τρα
210 3758 363 3830 βασιλέως,
380 3764 406 3812 id
424 3777 512 3826 regem
530 3770 574 3810 aut
585 3776 625 3809 re-

136 3834 180 3898 gis
191 3846 302 3883 uxorem
311 3829 479 3896 significaret,
492 3843 544 3879 non
556 3829 626 3893 regis

137 3899 229 3952 tiliam.
254 3897 331 3958 Quod
342 3912 500 3961 quamquam
513 3912 581 3947 nunc
593 3896 626 3945 ab

139 3968 261 4017 omnibus
290 3965 344 4015 lere
378 3965 553 4031 grammaticis
588 3974 628 4013 est

138 4049 195 4087 com
216 4034 351 4094 robatumf
362 4042 446 4083 tamen
460 4033 545 4083 minus
559 4041 628 4080 recte

138 4104 171 4153 ab
211 4101 314 4152 lmsleio
331 4101 472 4151 iudicatum
496 4109 542 4152 est.
571 4099 627 4148 Pri-

138 4185 209 4219 mum
231 4170 301 4220 enim
322 4169 399 4219 verba
422 4159 524 4232 λέκτρα
546 4164 627 4232 βασι·

677 1261 747 1330 λέως
759 1286 806 1335 per
822 1286 880 1320 sese
891 1286 975 1335 neque
990 1288 1096 1338 regem
1114 1287 1157 1323 nc·

677 1353 727 1400 que
756 1340 899 1403 reginam
921 1339 1081 1405 significant,
1112 1341 1159 1390 sed

677 1406 1158 1473 tantummodolectumgenialem

677 1485 721 1522 aut
750 1474 834 1522 dicam
862 1475 1096 1524 matrimonium
1118 1474 1159 1524 vel

677 1542 954 1604 conubiumregis.
972 1540 1045 1590 Nunc
1057 1543 1079 1591 si
1092 1556 1159 1604 quae

677 1608 767 1657 mulier
772 1599 875 1675 λέκτρα
884 1600 1022 1674 βασιλέως
1027 1607 1158 1659 κτᾶσθαι

676 1676 781 1733 dicitur,
803 1691 891 1740 regern
907 1676 1012 1725 habebit
1026 1677 1158 1734 maritum,

676 1744 717 1793 siu
739 1746 778 1792 vir
799 1744 930 1807 quispiam
950 1734 1054 1807 λέκτρα
1073 1740 1155 1808 βασι-

677 1803 746 1869 λέως
760 1807 887 1860 κτᾶσθαι
899 1810 1000 1870 dicitur,
1014 1809 1077 1857 nihil
1089 1808 1159 1857 aliud

675 1878 768 1927 dicitur
785 1878 835 1925 nisi
859 1877 907 1925 hoc
922 1877 1070 1925 nancisci
1091 1890 1158 1924 eum

675 1946 790 1994 lectum
808 1954 854 1992 aut
868 1943 1039 1992 conubium
1055 1944 1157 2008 regis,

674 2012 699 2061 id
716 2022 800 2061 autem
819 2011 913 2075 poterit
929 2024 975 2075 pro
994 2025 1022 2059 re
1038 2018 1099 2060 nata
1111 2010 1159 2059 du-

674 2080 777 2145 pliciter
793 2078 862 2137 fieri,
876 2088 904 2127 nt
917 2087 961 2127 aut
970 2092 1077 2127 uxorem
1087 2077 1156 2142 regis

674 2147 714 2196 vel
725 2148 812 2211 potius
820 2146 924 2195 viduam
933 2147 960 2195 in
968 2145 1160 2195 matrimonium

675 2215 751 2264 ducat
767 2223 812 2263 aut
829 2215 948 2263 etiamen
967 2213 1076 2262 conubio
1089 2211 1159 2277 regis

674 2282 802 2348 potiatur,
820 2291 848 2330 ut
864 2283 918 2331 eius
931 2279 1011 2329 liliam
1026 2282 1053 2329 iu
1070 2278 1160 2328 matri-

675 2351 791 2398 monium
808 2349 895 2401 ducat.
919 2346 962 2397 Sic
978 2349 1006 2396 in
1018 2346 1162 2397 Helenae

675 2432 700 2468 v.
714 2418 763 2466 637
781 2416 843 2492 (be
857 2416 897 2467 ed.
910 2412 1011 2477 Herm.)
1027 2413 1160 2462 Menelaus

676 2484 813 2548 gloriatur:
840 2482 905 2546 Εχω
921 2474 956 2530 col
974 2479 1026 2530 τοῦ
1040 2474 1110 2538 Διός
1128 2493 1160 2530 τε

677 2545 779 2614 λέκτρα
791 2540 892 2615 Λήδας
909 2562 949 2599 τε.
975 2547 1007 2596 Et
1024 2547 1087 2609 quid
1105 2556 1161 2597 tan·

676 2619 734 2667 dem
759 2616 828 2666 aliud
852 2626 892 2666 est
912 2614 983 2677 quod
1003 2614 1080 2665 babet
1101 2612 1162 2665 So-

676 2685 808 2750 phocles
832 2684 859 2733 in
883 2682 1002 2733 Trachin.
1026 2684 1084 2738 793.
1109 2677 1162 2732 καὶ

676 2750 728 2803 τὸν
741 2746 849 2809 Οἰνέως
867 2744 960 2817 γάμον
977 2744 1050 2801 Οἴον
1070 2764 1160 2799 κατα-

676 2814 812 2884 κτήσαιτο
825 2811 1076 2884 λυμαντὴνβίονῧ.)
1096 2814 1161 2863 Nam

675 2888 711 2936 ibi
735 2887 840 2951 nuptiae
861 2883 939 2935 Oenei
960 2882 1019 2931 illae
1040 2883 1162 2939 dicuntur

676 2955 795 3018 nuptiae,
813 2966 859 3016 per
871 2965 935 3011 quas
948 2949 1069 2999 Hercules
1083 2947 1162 2998 Oenei

677 3020 756 3068 tiliam
769 3021 794 3066 in
808 3017 999 3066 matrimonium
1016 3016 1098 3065 duxit.
1123 3015 1163 3062 Ac

678 3089 701 3138 si
718 3085 891 3135 Elmsleius
909 3083 990 3145 dixit,
1012 3083 1046 3132 ibi
1068 3074 1164 3148 γάμον

678 3153 825 3219 significare
837 3152 904 3201 idem
917 3151 988 3213 quod
1000 3148 1090 3215 κῆδος
1106 3151 1163 3200 sive

679 3222 850 3280 adfinitatem,
868 3220 924 3269 iure
941 3233 1082 3283 possumus
1100 3231 1161 3266 con-

677 3290 782 3340 tendere
803 3291 879 3338 etiam
900 3281 1005 3351 λέκτρα
1025 3280 1162 3351 βασιλέως

679 3356 809 3409 κτᾶσθαι
823 3355 886 3404 nihil
903 3370 960 3404 csse
973 3354 1044 3403 aliud
1060 3354 1110 3401 nisi
1121 3368 1163 3402 rc·

680 3428 721 3491 gis
745 3423 951 3474 adfinitatem
979 3435 1035 3485 per
1064 3434 1162 3469 conu-

680 3494 765 3541 bium
782 3490 949 3550 consequi.
970 3488 1028 3535 Iurc
1045 3487 1123 3550 igitur
1136 3487 1162 3533 in

681 3560 770 3609 eadem
782 3572 834 3619 qua
846 3569 895 3620 ego
908 3568 965 3603 sum
978 3554 1104 3602 sententia
1115 3550 1165 3600 luit

681 3626 709 3680 G.
737 3624 906 3686 Reisigius
936 3621 963 3667 in
993 3617 1107 3668 Coniect.
1136 3618 1163 3666 iu

680 3690 814 3755 Aristoph.
836 3689 855 3738 Ι.
877 3703 903 3753 p.
927 3686 987 3736 280.
1010 3695 1034 3734 et
1051 3684 1163 3750 Pllug-

680 3761 753 3809 lrius
783 3758 841 3821 ipse
869 3754 903 3804 ad
931 3751 1041 3805 Helenae
1069 3753 1163 3810 locum,

681 3840 837 3890 quamquam
853 3823 896 3872 hic
913 3821 1034 3873 Elmsleio
1057 3824 1165 3871 obsecu-

680 3906 722 3946 tus
736 3904 797 3946 erat.
823 3891 889 3941 Vide
900 3905 967 3952 quae
979 3890 1047 3939 dicta
1059 3897 1119 3940 sunt
1131 3888 1163 3935 ad

682 3961 793 4013 Helenae
805 3960 822 4009 l.
835 3975 859 4011 c.
872 3973 897 4024 p.
910 3959 954 4009 87.
968 3959 1007 4009 ed.
1021 3972 1073 4011 sec.

715 4032 749 4082 V.
768 4030 826 4079 592.
849 4015 965 4089 ὥσπερ
984 4017 1085 4076 εἶπον
1105 4016 1166 4077 καλ

682 4089 809 4162 πάρος]
835 4093 920 4159 Supra
944 4108 968 4141 v.
994 4093 1044 4142 560
1067 4105 1106 4151 sq.
1130 4110 1166 4125 ·-·

683 4163 790 4216 σῶσαι
803 4156 934 4225 θέλων]
955 4158 1034 4217 Quasi
1047 4169 1166 4222 praeces·
