2588 4574
559 254 742 304 Manna
1104 251 1165 317 105

92 478 95 483 .
142 408 244 499 λιμὴν
261 411 430 498 πέφανται
446 415 515 481 τόν
535 413 625 500 ἐμῶν
642 410 901 499 βουλευμάτων·

92 500 106 587 '2'
145 514 180 581 ἐκ
195 509 294 581 τοῦδ’
314 509 540 601 άυαψόμεσθα
559 511 761 603 πρυμνήτην
778 511 893 581 κάλων
1116 530 1166 583 too

92 596 97 731 ὲ
146 611 303 701 μολόντες
320 609 406 682 άστυ
424 614 481 681 καὶ
498 612 646 702 πόλισμα
670 612 859 693 Παλλάδος.

92 736 96 765 ·
146 712 208 802 ἤδη
225 713 264 783 δέ
281 713 392 782 πάντα
409 712 498 803 τάμά
516 735 570 783 σοι
586 714 802 802 βουλεύματα

150 815 242 897 λέξω·
271 815 372 902 δέχου
392 815 430 883 δὲ
447 814 492 904 μὴ
511 815 595 903 πρὸς
613 813 742 902 ἡδονὴν
760 814 893 901 λόγους.

114 964 117 969 -
150 913 293 1004 τέμψασ’
316 918 406 1004 ἐμῶν
423 911 488 985 τιν’
510 921 652 985 οἰκετῶν
667 914 800 985 Ἰάσονα

152 1023 194 1098 εἰς
210 1015 289 1100 ὄψιν
309 1019 425 1086 ἐλθεῖν
442 1015 505 1104 τὴν
524 1016 607 1104 ἐμὴν
625 1016 817 1105 αἰτήσομαι·

152 1117 278 1205 μολόντι
296 1115 330 1186 δ’
350 1116 444 1210 αὐτῷ
462 1116 660 1205 μαλθακούς
679 1120 762 1200 λέξω
782 1117 917 1205 λόγους,

154 1216 191 1299 άς
206 1219 262 1287 ιιαί
280 1223 377 1288 δοκεῖ
391 1246 448 1308 μοι
465 1225 571 1289 ταῦτα
588 1219 646 1286 καὶ
665 1223 776 1297 καλῶς
795 1225 873 1305 ἔχει,

152 1319 269 1409 γάμους
288 1318 468 1407 τυράννων
486 1316 546 1399 οὓς
566 1318 717 1410 τροδούς
734 1316 822 1406 ἡμᾶς
840 1324 921 1406 ἔχει·

153 1422 201 1489 καὶ
217 1418 364 1511 ξάμφορ’
384 1418 471 1490 εἰναι
488 1421 546 1489 καὶ
564 1425 676 1500 καλῶς
696 1420 900 1508 ἐγνωσμένα.

213 1550 246 1604 V.
258 1552 318 1602 764.
336 1546 484 1615 τέφασται
497 1550 527 1600 Β.
545 1547 676 1616 πέφαται
689 1549 715 1600 G.

212 1617 243 1669 V.
257 1620 317 1670 ⁵174.
335 1617 428 1679 καλάς
442 1615 617 1686 εἰργασμένα
629 1618 690 1671 BC.

156 1719 208 1797 5V.
220 1719 280 1769 764.
297 1712 414 1787 λιμήν]
429 1721 555 1772 Androm.
566 1722 626 1772 893.
679 1721 836 1770 attractionis
855 1734 907 1769 non
924 1720 1090 1784 infrequentis
1109 1722 1166 1787 iege

148 1802 166 1837 α
185 1785 345 1839 ναυτίλοισι
374 1787 508 1853 χείματος
540 1780 627 1853 λιμὴν
678 1787 773 1836 iactum
786 1802 844 1837 esse
855 1788 963 1845 videtur,
977 1788 1055 1838 veluti
1068 1790 1093 1836 in
1107 1787 1164 1837 So-

148 1853 253 1920 γανείς,
269 1848 475 1935 Ἀγαμέμνονος
492 1860 555 1909 παῖ.
587 1855 624 1905 Gi.
680 1855 808 1919 phoclis
821 1855 939 1904 Trachin.
953 1855 1059 1904 dicitur:
1076 1851 1164 1906 τάσδε

146 1921 211 1976 Herc.
227 1922 279 1977 fur.
300 1924 360 1973 477.
378 1917 409 1974 έιι
426 1916 453 1973 τ’
467 1921 627 1990 Αθηυαίωυ
679 1915 708 1972 o’
725 1912 816 1986 άσττερ
835 1918 969 1988 εἰσορᾷς,
988 1912 1036 1985 Ἐξ
1058 1913 1165 1987 ὀλβίων

145 1981 246 2069 piceos
263 1980 401 2057 Σπάρτης
418 2006 449 2041 τε
467 1989 572 2056 Θηβῶν
588 1980 623 2041 o'
677 1979 783 2071 άζιγλον
797 1981 934 2056 εὑροῦσαι
955 1988 1019 2054 βίον
1031 1990 1162 2056 Χωρουσι

98 2076 101 2083 ·
144 2073 176 2116 σς
194 2048 356 2124 άνημμένοι
376 2050 470 2126 κάλῳς
488 2058 624 2125 Πρυμνη-
676 2073 749 2122 προς
766 2053 823 2119 σὲ.,
845 2058 915 2120 quod
932 2059 1036 2123 proprie
1057 2059 1095 2107 sio
1111 2069 1165 2107 erat

143 2123 224 2176 τίοισι
248 2123 314 2190 βίον
337 2116 426 2191 ἔχοιτ’
452 2117 622 2191 εὐδαίμονα.
676 2128 763 2176 auimo
773 2136 940 2191 conceptum:
953 2115 1043 2190 άσιτερ
1054 2120 1087 2177 δὲ
1099 2118 1165 2177 τάσ·

142 2190 282 2242 Philostrat.
295 2192 356 2245 ‚Via
378 2192 465 2271 Apoll.
483 2194 515 2248 V,
533 2197 575 2244 ⁵29.
598 2211 624 2259 p.
678 2193 711 2244 σε
734 2189 861 2261 εἰσορᾷς,
885 2185 915 2256 ἐξ
933 2184 1039 2258 ὀλβίων
1058 2183 1164 2259 άζηλον

92 2292 96 2305 .
141 2261 194 2315 212.
217 2248 292 2311 ὅθεν
312 2251 344 2311 ἐιι
361 2274 428 2325 σου,
448 2252 623 2320 Ἀπολλώνιε,
678 2255 815 2326 εὑροῦσαι
825 2259 891 2327 βίον
900 2259 1023 2327 χωροῦσι
1031 2255 1102 2324 πρὸς
1112 2257 1163 2324 σέ,

96 2320 480 2462 ἀντέλλουσι
498 2344 625 2458 τοι
676 2329 938 2446 attractata
951 2329 1164 2446 innatat

139 2462 204 2513 dicta
216 2473 278 2512 sunt
290 2463 325 2513 ad
336 2479 359 2510 v.
372 2465 431 2514 316.
465 2465 526 2514 .55.
676 2453 730 2523 οὓς
747 2457 856 2530 γάμους
872 2455 1021 2528 τυράννων
1037 2456 1164 2527 ττροδοός
1218 2486 1222 2491 ·
1252 2486 1257 2495 ·

167 2530 201 2584 V.
216 2533 275 2609 λλξὸ.
299 2525 405 2609 διέχον
423 2480 462 2582 δέ
477 2523 522 2597 μὴ
539 2527 624 2596 πρὸς
676 2525 753 2598 ἡμᾶς
767 2527 835 2596 ἔχει.
856 2532 925 2583 Vide
938 2547 1004 2594 quae
1016 2532 1070 2581 dixi
1084 2546 1164 2596 supra

136 2588 276 2664 ἦδονην
288 2595 430 2665 λογους]
445 2598 464 2651 Ι.
479 2615 499 2648 e.
515 2599 566 2648 noli
579 2615 624 2649 ex·
676 2600 709 2649 ad
726 2615 752 2650 v,
772 2603 813 2650 12.
848 2598 937 2661 Neque
958 2615 1005 2665 per
1021 2615 1050 2648 se
1069 2598 1164 2648 falsum

137 2675 256 2731 spectare
264 2666 517 2716 laetamedicturam.
529 2666 623 2733 Soph.
677 2677 728 2727 est,
746 2668 768 2717 si
781 2668 867 2733 pergit
878 2667 1000 2733 deinceps
1017 2670 1095 2732 po'e'ta
1106 2682 1165 2716 rnu-

135 2734 226 2785 Electr.
238 2735 299 2785 921.
312 2733 344 2786 τί
353 2723 383 2783 δ’
398 2728 490 2798 ἐστινς
508 2725 542 2786 οὐ
554 2728 624 2800 πρὸς
677 2745 729 2785 tata
741 2736 767 2783 in
779 2736 954 2784 accusativum
969 2750 1027 2783 cum
1036 2735 1164 2783 infinitivo

135 2794 248 2868 ἡδονὴν
266 2797 340 2869 λέγω
361 2791 440 2853 τάδε.
470 2801 509 2853 Gi.
533 2804 622 2868 Viger.
677 2804 880 2852 constructione:
904 2799 954 2853 ααί
977 2793 1103 2867 ξόμφορ’
1126 2795 1164 2851 εἰ·

135 2886 160 2935 p.
171 2870 233 2921 664.
252 2867 360 2924 Dorvill.
371 2870 405 2919 ad
418 2869 514 2920 Charit.
526 2886 552 2935 p.
563 2873 622 2921 554.
676 2887 727 2921 ναι
738 2867 789 2920 καὶ
801 2868 895 2927 καλῶς
905 2861 1078 2935 ἐγνωσμένα.
1098 2867 1163 2917 Nam
1188 2882 1191 2886 ·

135 2950 262 2988 raanan.
676 2938 708 2987 de
722 2952 825 3000 genere,
839 2935 994 2997 quodetiam
1010 2937 1163 3011 interposito

166 3005 200 3058 V.
227 3006 279 3056 772
303 3020 343 3066 sq.
373 2999 416 3063 ὥς
440 3001 500 3054 καὶ
524 3003 627 3055 δοκεῖ
675 3019 765 3053 versu:
796 2998 906 3068 γάμους
935 2994 1085 3066 τυράννων
1106 2992 1163 3060 ὀάς

133 3070 322 3137 μοι’ταῦτα
333 3065 403 3137 aci]
422 3072 520 3121 Horum
534 3073 624 3120 verbo·
675 3062 803 3135 προδοὺς
816 3063 893 3135 ἡμᾶς,
906 3064 975 3135 ἔχει,
988 3071 1088 3127 retinet,
1102 3084 1164 3117 neu-

133 3155 204 3199 rnm,
222 3149 252 3190 ut
264 3140 362 3205 scripta
373 3149 434 3189 sunt
445 3140 471 3187 in
485 3137 571 3198 libris,
585 3141 624 3187 vi-
675 3149 714 3188 tro
729 3148 829 3188 nonest
841 3138 1012 3200 quoddicam.
1032 3134 1165 3186 Obtinetur

134 3207 282 3259 deturhacc
295 3223 353 3256 esse
365 3207 534 3256 constructio:
574 3208 625 3257 αλ·
675 3207 751 3265 iilud,
769 3207 839 3268 quod
856 3215 1041 3269 antecesserat,
1062 3202 1163 3257 ταῦτα.

133 3267 251 3334 &aanor
260 3269 333 3337 λέξω
342 3265 454 3342 λόγους,
468 3265 505 3332 άς
514 3223 626 3325 antioo-
676 3275 713 3323 De
724 3275 871 3323 accusativo
885 3284 969 3323 autern
983 3283 1007 3322 et
1023 3271 1162 3336 infinitivo,

133 3347 182 3395 ιιεῖ
193 3358 246 3409 μοι
263 3340 357 3393 ταῦτα
374 3339 425 3392 καὶ
441 3341 536 3401 καλῶς
554 3337 623 3408 ἔχει,
696 3343 721 3391 ni
733 3342 895 3406 adiungitur,
911 3355 1067 3404 quamquam
1080 3332 1118 3398 ὥς
1130 3366 1163 3374 -

133 3399 182 3471 οὓς
194 3402 347 3490 τυράννων
357 3401 467 3477 γάμους
479 3405 495 3461 έ
511 3425 537 3461 ει
548 3403 624 3476 ἡμᾶς
677 3359 736 3476 {pst
746 3418 931 3474 praecesserat,
945 3423 996 3458 non
1007 3409 1091 3472 magis
1101 3421 1163 3472 pos-

132 3476 272 3544 τροδους,
284 3474 334 3528 καὶ
347 3469 467 3543 ξάμφορ’
480 3427 557 3529 εἰναι
568 3475 625 3542 (λέ-
676 3493 766 3527 sumus
779 3478 908 3534 dubitare,
927 3491 1006 3537 quum
1023 3490 1103 3540 saepe
1113 3474 1163 3523 hoc

135 3542 184 3609 ξω)
202 3541 255 3596 καὶ
272 3543 366 3604 καλῶς
383 3537 572 3610 ἐγνωσμένα,
598 3555 626 3594 ut
675 3544 770 3593 iactum
788 3546 822 3592 sit
838 3543 970 3592 aGraecis
988 3543 1063 3590 etiam
1081 3543 1107 3589 in
1120 3555 1164 3589 so-

132 3613 291 3678 pronomine
308 3614 410 3678 generis
427 3614 510 3663 neutri
528 3610 621 3663 ταῦτα
673 3611 727 3661 luta
748 3612 876 3667 oratione,
901 3609 980 3657 veluti
1004 3624 1019 3657 a
1039 3608 1163 3671 Thucy-

133 3690 294 3730 tnonstretnr
310 3694 403 3730 nomen
425 3680 489 3730 alius
509 3681 621 3744 generis,
674 3678 749 3727 dide
759 3677 801 3725 111.
814 3680 839 3727 3.
853 3686 877 3725 et
888 3677 930 3726 111.
941 3677 1023 3728 λῖν·
1033 3674 1075 3724 Sic
1085 3691 1162 3740 supe—

133 3748 205 3811 qnod
223 3747 356 3810 sequitur,
376 3746 455 3798 veluti
471 3749 497 3796 in
514 3748 623 3797 Plato·
675 3747 743 3794 riorc
760 3754 874 3809 tempore
892 3744 960 3792 hunc
977 3744 1062 3793 locum
1079 3743 1163 3809 expli-

134 3817 183 3867 nis
196 3814 278 3881 Apol.
290 3830 317 3880 p.
331 3816 373 3866 ct.
386 3815 418 3865 Α.
431 3816 538 3865 dicitur:
557 3807 624 3865 τοά·
675 3814 727 3862 cari
737 3827 817 3878 posse
826 3813 914 3861 censui
924 3822 1001 3874 atque
1011 3813 1087 3861 etiam
1096 3826 1165 3859 nunc

133 3899 186 3935 τοο
197 3881 342 3948 τιμῶμαι,
360 3874 392 3933 έν
403 3881 566 3948 πρυτανείῳ
581 3896 624 3932 σι·
675 3882 702 3931 in
726 3881 817 3930 eadem
838 3881 964 3929 sententia
988 3895 1054 3933 sum.
1091 3878 1165 3928 Certe
1266 3884 1269 3889 ”

134 3942 252 4031 τάσεως.
282 3949 358 4008 Quod
375 3961 459 4000 autem
477 3954 554 4015 poeta
575 3964 623 4015 pro
676 3963 742 4012 quae
754 3949 905 4014 propositae
916 3947 1163 4000 h.i.coniecturaea

134 4033 222 4083 γαμοι
240 4009 406 4085 τυράννων,
429 4006 480 4076 οὓς
496 4011 624 4081 ττροδούς
676 4018 759 4066 doctis
773 4025 842 4077 sunt,
856 4031 909 4077 eae,
924 4016 946 4064 si
959 4031 1012 4065 rem
1025 4024 1092 4064 recte
1104 4028 1164 4063 con-

134 4077 214 4151 ἡμᾶς
224 4080 294 4165 ἔχει,
307 4085 388 4135 dircite
402 4076 512 4151 γάμους
521 4078 625 4152 τυράν-
676 4085 833 4144 sideramus,
847 4099 899 4133 non
911 4099 1032 4148 magnam
1045 4080 1163 4147 probabi-

134 4168 193 4205 των
204 4168 258 4212 ους
269 4146 397 4218 προδοός
412 4146 489 4218 ἡμᾶς
502 4147 579 4218 ἔχει,
597 4152 624 4201 id
677 4152 755 4202 litatis
768 4152 881 4217 speciem
894 4167 956 4216 praa
969 4167 998 4200 se
1010 4151 1103 4199 ierunt.
