2588 4574
140 251 200 315 106

509 245 790 300 EURIPIDIS

138 416 263 491 παῖδας
282 408 321 477 δὲ
338 422 450 497 μεῖναι
467 405 548 487 τούς
568 405 669 496 ἐμούς
688 405 875 494 αἰτήσομαι,

137 513 201 602 ούχ
221 513 266 592 ὡς
285 517 431 580 λιποῦσα
449 515 610 597 πολεμίας
630 509 686 577 ἐπὶ
703 506 831 596 χθονός

139 618 292 705 ἐχθροῖσι
310 615 433 692 παῖδας
451 608 532 691 τούς
552 609 653 697 ἐμούς
671 614 890 698 καθυβρίσαι,

138 710 215 785 ἄλλ’
237 712 281 795 ὡς
301 711 428 782 δόλοισι
445 716 551 779 παῖδα
568 711 731 798 βασιλέως
750 709 871 778 κτάνω.

138 818 259 906 πέμψω
277 813 343 904 γαρ
362 807 488 891 αύτούς
509 809 594 901 δῶρ’
615 818 753 899 ἔχοντας
773 814 810 880 ἐν
827 824 956 900 χεροῖν,

137 917 257 1007 νύμφῃ
276 917 457 1004 φέροντας,
475 911 577 1000 τῆυδε
594 912 639 1001 μῆ
658 911 799 1002 φεύγειν
815 911 939 999 χθόνα,
987 924 990 929 ’

1113 925 1162 979 780

139 1017 262 1088 λεπτόν
279 1044 315 1085 τε
333 1017 462 1083 πέπλον
480 1014 537 1081 καὶ
556 1014 683 1083 πλόκον
700 1012 927 1103 χρυσήλατον·

205 1215 239 1264 V.
254 1215 313 1262 776.
332 1208 488 1277 πολεμίους
501 1210 537 1262 Β.
555 1210 646 1261 Aldus.

204 1283 237 1331 V.
251 1282 309 1332 780.
324 1281 365 1330 81.
384 1281 486 1326 inverso
501 1278 590 1327 ordine
602 1277 723 1342 leguntur
734 1278 761 1325 in
776 1277 805 1327 E.
825 1278 937 1341 priorem
952 1291 1002 1326 om.
1017 1275 1044 1328 G.

205 1349 238 1399 V.
253 1348 311 1397 780.
330 1345 417 1395 Schol.
430 1337 574 1411 γράφεται
588 1342 704 1411 δῆθεν
714 1335 769 1410 μῆ.
789 1347 896 1411 φυγεῖν
907 1343 969 1394 BG.

205 1417 238 1464 V.
252 1416 309 1469 781.
329 1410 433 1477 στέφος
445 1427 493 1477 pro
506 1405 614 1463 πλόιιον
627 1412 657 1461 Ε.

170 1584 203 1633 V.
223 1584 281 1633 776.
304 1572 366 1648 ούχ
388 1572 431 1641 ὥς
453 1576 620 1647 λιποῦσα]

137 1653 191 1701 Ηοο
209 1659 259 1700 est:
288 1663 348 1699 non
367 1649 458 1710 qnasi
480 1647 622 1709 relique-

137 1722 192 1770 rim
206 1721 266 1767 iam
279 1732 368 1767 nunc.
391 1717 420 1766 ld
437 1717 460 1766 si
472 1717 569 1766 dictum
581 1731 624 1765 es·

138 1797 177 1837 set
200 1801 246 1853 per
269 1784 396 1836 futurum:
427 1777 481 1849 ούχ
504 1777 542 1842 ὡς
567 1783 623 1835 λεί-

137 1863 249 1920 ψουσα,
271 1862 351 1903 esset:
376 1867 437 1902 non
458 1853 552 1914 quasi
573 1867 624 1901 re-

136 1924 255 1972 lictura
271 1923 337 1974 sim.
364 1921 471 1969 Adieota
487 1929 572 1969 autem
589 1919 623 1968 ad

137 1992 264 2039 aoristum
297 1977 335 2039 riv
367 1987 506 2052 particula,
547 2001 624 2049 quam

138 2056 311 2106 Elmsleius
333 2055 500 2114 desideravit,
525 2069 567 2103 res
591 2054 625 2104 ad

137 2123 322 2190 experientiam
345 2131 505 2172 revocaretur
528 2122 625 2171 dicere-

137 2201 241 2255 turque:
274 2204 335 2239 non
361 2191 454 2251 quasi
478 2189 624 2238 relictam

137 2259 263 2323 vellem,
285 2259 380 2307 sires
399 2257 542 2306 eveniret
562 2256 625 2306 ali-

138 2326 272 2389 quando

171 2395 204 2442 V.
223 2395 282 2443 777.
307 2383 469 2457 ἐχθροῖσι
490 2390 624 2451 παῖδας

137 2453 219 2521 τούς
248 2452 353 2526 ἐμούς
383 2456 622 2526 καθυβρίσαι]

137 2530 231 2578 Iniuria
252 2528 326 2577 multi
347 2529 372 2575 in
395 2542 425 2576 eo
444 2527 535 2576 offensi
555 2539 623 2587 sunt,

136 2598 207 2658 quod
220 2611 299 2658 quum
311 2610 388 2644 versu
403 2596 460 2645 775.
476 2596 569 2644 dictum
584 2611 626 2644 es·

138 2673 189 2715 set:
215 2661 350 2720 παῖδας
373 2655 405 2712 δὲ
426 2665 524 2726 μεῖναι
545 2655 624 2720 τούς

139 2721 243 2796 ἐμούς
270 2722 440 2795 αἰτήσομαι,
470 2730 519 2778 hoe
547 2744 624 2779 versu

136 2799 169 2847 ab
192 2797 237 2848 illo
267 2798 340 2846 tertio
370 2811 460 2846 rursus
485 2797 624 2847 diceretur:

136 2857 269 2931 ἐχθροῖσι
281 2862 412 2924 παῖδας
424 2856 505 2923 τούς
518 2857 625 2931 ἐμοὺς

135 2931 327 2999 καθυβρίσαι.
364 2933 393 2982 ld
422 2932 458 2982 illi
483 2947 533 2982 non
558 2943 626 2982 recte

136 3002 321 3052 iudicaverunt.
336 2999 401 3050 Nam
410 3001 497 3066 priore
506 3001 560 3051 loco
572 3010 626 3050 erat

135 3069 273 3119 liberorum
291 3068 430 3135 appellatio
448 3085 494 3133 per
510 3085 568 3119 sese
581 3085 625 3118 ne-

136 3139 257 3199 cessaria,
268 3136 413 3202 posteriore
422 3146 508 3185 autem
519 3136 575 3185 loco
586 3151 625 3196 eo,

136 3205 206 3265 quod
227 3205 304 3269 plena
324 3203 462 3252 liberorum
486 3204 624 3268 appellatio

136 3271 187 3319 iam
200 3286 289 3319 rursus
302 3270 415 3334 ponitur,
429 3285 480 3317 una
491 3285 569 3318 causa
579 3271 624 3319 ad-

135 3335 227 3396 fertur,
250 3337 416 3398 quamobrem
440 3351 483 3384 eos
507 3337 570 3386 nolit
591 3337 623 3385 ab

136 3404 246 3453 inimicis
275 3404 331 3453 suis
360 3402 514 3452 contumelia
538 3403 624 3454 adfici.

135 3469 271 3536 Significat
294 3470 342 3520 hae
369 3471 429 3535 ipsa
452 3471 624 3536 appellatione

136 3538 203 3600 hoo,
218 3539 354 3604 indignum
372 3554 442 3599 esse,
459 3541 483 3588 si
496 3539 624 3589 Medeae

136 3605 230 3655 liberi
243 3606 398 3656 contumelia
409 3607 440 3656 ab
453 3608 564 3657 inimicis
577 3608 624 3657 ad-

135 3671 266 3734 dolantur,
283 3677 306 3725 si
319 3677 377 3740 ipsa
390 3689 451 3736 eos,
471 3677 515 3738 qni
529 3677 581 3726 sint
593 3676 623 3724 li·

136 3741 190 3788 beri
211 3743 263 3800 sui,
285 3744 396 3792 inimicis
415 3744 517 3808 prodat.
549 3743 622 3794 Conl.

136 3806 202 3857 infra
223 3825 248 3859 v.
270 3812 337 3860 1048
358 3825 415 3871 sqq.
444 3801 535 3862 Ούτοι
556 3803 621 3862 ποτ’

136 3869 216 3926 ἔσται
233 3867 320 3928 τοῦθ’
340 3866 417 3935 ὅπως
434 3869 537 3944 ἐχθροί
568 3870 623 3944 ἐγὼ

136 3942 253 4002 Παῖδας
282 3935 401 4009 παρήσω
432 3937 500 4004 τοὺς
534 3895 622 4010 {poda

136 4009 324 4077 καθυβρίσαι.

168 4079 202 4157 y.
215 4081 273 4130 780.
293 4071 411 4157 νύμφῃ
430 4073 621 4213 φέροντας1

547 4140 554 4158 Ι

135 4145 241 4212 τηνδε
258 4163 303 4213 μη
322 4161 469 4213 φευγειν
486 4146 602 4213 χθονα

674 1579 742 1630 Nihil
760 1580 817 1628 miri
834 1580 923 1640 habet,
942 1578 1011 1643 quod
1025 1579 1113 1629 statim
1131 1579 1165 1631 ed

674 1650 827 1698 missionem
851 1648 977 1697 donorum
999 1647 1164 1712 adiungiture

674 1709 763 1782 τήνδε
788 1707 828 1781 μῆ
851 1707 973 1781 φεύγειν
993 1706 1104 1779 χθόνα,
1131 1723 1166 1764 ut

675 1782 1167 1848 nefugienthanoterram‚quod

675 1852 738 1901 illud
758 1851 908 1910 consilium,
934 1850 957 1901 si
980 1864 1032 1900 non
1056 1851 1164 1916 proprio

675 1921 761 1981 verbo,
772 1928 856 1967 temen
866 1920 925 1984 ipsa
934 1918 1052 1968 mittendi
1063 1919 1166 1969 actione

677 1986 846 2052 significatur.
878 1985 944 2035 Nam
961 1987 1006 2048 qui
1023 1985 1102 2036 mittit
1118 1986 1166 2036 do·

676 2069 739 2104 num
759 2055 852 2119 alicui,
873 2063 918 2104 aut
938 2054 1090 2103 benevolum
1111 2053 1167 2103 vult

676 2123 790 2185 aliquem
808 2123 912 2171 omnino
931 2121 978 2171 sibi
996 2121 1104 2171 reddere
1121 2131 1167 2171 aut

677 2191 752 2240 etiam
766 2190 799 2239 ab
812 2204 856 2250 eo,
870 2190 904 2239 ad
916 2204 991 2252 quem
1008 2189 1101 2248 mittit,
1119 2189 1167 2239 ali·

676 2258 739 2320 qnid
749 2259 894 2322 impetrare.
912 2256 944 2306 Et
953 2257 1003 2307 ltoo
1012 2272 1044 2306 ne
1054 2256 1167 2307 scholia·

676 2324 1167 2390 stasquidemingit‚ausiquihioaliam

676 2393 811 2442 lectionem
840 2393 1021 2456 requirebant,
1052 2391 1167 2443 lecerunt

676 2460 726 2509 hoo
742 2471 892 2526 propterea,
916 2474 968 2510 non
985 2469 1013 2509 ut
1029 2460 1167 2510 eonsilium

676 2529 761 2591 magis
779 2537 906 2592 exstaret,
924 2529 970 2578 sed
989 2538 1018 2576 ut
1035 2528 1165 2577 simulatio

676 2596 790 2655 consilii,
809 2611 861 2644 non
878 2597 986 2656 veritas,
1005 2595 1167 2661 significare-

675 2675 726 2714 tur.
761 2663 830 2713 Dicit
853 2665 920 2713 enim
945 2662 1165 2715 scholiastes:

678 2721 828 2795 Γρύφεται
854 2729 969 2795 δῆθεν
993 2721 1052 2797 μή,
1083 2722 1123 2782 ἵν’
1148 2716 1166 2797 ῆ

677 2788 743 2850 ιἰντλ
761 2798 812 2850 τοῦ
825 2791 867 2856 ὡς
885 2793 927 2864 δῆ
944 2804 1167 2864 unaquaequo*

677 2860 961 2932 μένουςτῆνφυγ
979 2862 1019 2916 'ta
1039 2862 1166 2917 Τιθὲοισι

676 2883 1164 3012 γύρτόδῆθενᾶντδτοῦσὸςδῆ.

675 3002 705 3051 ld
717 3003 781 3051 adeo
794 3019 821 3051 re
843 3004 886 3051 oni
898 3003 936 3050 sio
944 3010 1047 3082 posset,
1062 3012 1091 3050 ut
1104 3016 1167 3050 sori-

677 3072 777 3119 beretur
794 3086 894 3136 νυμφχ
911 3085 1069 3134 φεροντας,
1088 3066 1166 3134 δῆθε

676 3129 716 3202 μῆ
741 3129 863 3202 φεύγειν
887 3128 992 3202 χθόνα.
1016 3136 1075 3186 vide
1100 3150 1167 3199 quae

675 3205 807 3268 disputavi
826 3205 859 3254 ad
876 3205 1046 3253 Devarinm
1064 3204 1117 3255 vol.
1135 3204 1166 3253 ss.

676 3287 702 3336 pt
715 3273 775 3322 434.
789 3281 813 3321 et
830 3271 957 3321 deforma
971 3271 1074 3334 quidem
1088 3269 1166 3338 δῆθε

676 3352 702 3403 p.
715 3340 766 3388 435
779 3354 819 3400 sq.
839 3338 889 3389 Sed
902 3349 985 3388 tamen
999 3340 1107 3402 antiqua
1119 3339 1166 3389 hac

676 3407 847 3467 correctione,
879 3423 955 3470 quam
986 3416 1167 3458 commemorat

677 3471 847 3535 Scholiastes,
878 3476 983 3524 minime
1018 3489 1085 3541 opus
1118 3485 1165 3538 est,

677 3542 748 3602 quod
764 3543 797 3592 de
809 3558 869 3592 vero
887 3544 997 3593 oonsilio
1015 3558 1064 3593 suo
1076 3543 1166 3593 Medea

676 3609 703 3657 in
724 3610 822 3672 reliqua
840 3613 955 3661 oratione
976 3611 1082 3662 minime
1102 3610 1167 3660 celat

676 3679 817 3730 auditores,

711 3746 744 3800 V,
758 3746 816 3795 781.
841 3739 968 3797 λεπτόν
984 3739 1166 3796 τεπέπλον

676 3809 735 3863 καλ
759 3804 890 3864 πλόκον
919 3803 1163 3879 χρυσήλατον]

675 3880 722 3929 Hic
734 3895 824 3929 versus
836 3879 903 3930 inira
916 3895 940 3931 v.
954 3880 1012 3930 936.
1031 3881 1165 3945 repetitur,

675 3948 717 3996 ubi
740 3962 781 3996 res
803 3962 846 4008 ea,
869 3961 947 4010 quam
964 3946 1054 3996 Medea
1075 3947 1119 3996 nto
1139 3947 1164 3997 in

674 4014 760 4063 auimo
784 4015 873 4076 lrabet,
897 4014 963 4065 iacta
984 4024 1116 4074 narratur,
1140 4013 1167 4064 id

675 4082 746 4143 quod
767 4083 932 4133 nullomodo
952 4082 1090 4132 offensioni
1108 4096 1167 4132 esse

674 4159 768 4214 potest.
810 4152 847 4200 Αο
876 4152 897 4200 si
928 4151 970 4200 ltio
994 4148 1162 4210 omitteretur,
