2588 4574
482 234 664 285 MEDEA.

59 388 206 459 κάλλιον
224 386 339 470 οὐδεὶς
357 388 430 459 οἶδε
447 405 665 481 προσφωνεῖν
682 397 814 478 φίλους.

488 520 664 573 ΜΗΔΕΙΑ.

10 654 16 693 ι
57 584 87 663 ὦ
103 606 208 682 χαῖρε
225 592 283 660 καὶ
300 591 363 679 ov‘,
383 607 448 661 παλ
463 597 572 681 σοφοῦ
590 596 795 679 Πανδίονος,

126 757 165 810 V.
178 757 238 807 aba.
257 754 354 820 φίλοις
366 753 437 823 B[c]
444 756 478 807 B.
494 756 598 821 φίλους
610 757 751 808 Eabch.

54 890 184 942 adierunt
198 889 390 940 Plutarchus
407 892 458 943 Vit.
470 890 546 941 Thes.

56 974 81 1013 c.
95 962 122 1011 8.
140 958 367 1024 Apollodorus
380 959 492 1012 bibilll.
506 961 547 1019 15,

55 1028 84 1077 6.
115 1026 251 1076 Tzetzcs
275 1025 309 1075 ad
331 1024 459 1092 Lycophr.
483 1027 544 1076 494.

57 1094 103 1144 his
112 1092 170 1143 iere
180 1094 265 1143 verbis
274 1104 439 1158 conceptum:
450 1084 547 1145 Ἀσκοῦ

56 1150 288 1228 τόννιροῦγονια
296 1152 384 1222 πόδα,
394 1158 468 1229 με’γα
478 1154 548 1226 φέρ-

56 1243 131 1281 τατε
144 1225 224 1281 λαῶν
232 1220 286 1294 Μὴ
296 1222 390 1295 λύσῃς,
403 1225 472 1295 πρὶν
481 1244 547 1294 γου-

58 1287 274 1360 νόνἈθηνοῖων
283 1287 455 1361 ἀφικέσθαι.
474 1296 548 1349 iloni.

57 1362 130 1415 inira
140 1379 167 1413 v.
178 1364 237 1414 674.
261 1362 343 1413 Huius
357 1364 452 1413 oraculi
470 1365 548 1413 inter·

60 1430 185 1497 pretendi
223 1444 301 1479 causa
338 1430 432 1481 fecerat
465 1431 548 1481 Neo-

58 1498 170 1564 phrcn
192 1498 220 1546 in
243 1496 332 1548 Medea
360 1513 408 1548 sua
432 1499 548 1564 Aegeum

59 1564 215 1616 Corinthum
248 1566 335 1614 venire
369 1567 402 1616 ad
431 1566 547 1616 Medeam

57 1634 162 1699 ipsam,
180 1641 208 1681 ut
218 1647 269 1695 qua
280 1632 324 1682 illa
336 1644 405 1683 esset
421 1634 549 1700 sapientia

58 1715 150 1751 veram
163 1700 258 1749 oraculi
270 1703 424 1750 seutentiam
432 1700 548 1766 Aegeum

59 1769 193 1826 edoceret,
207 1768 234 1816 in
246 1782 324 1830 quam
333 1783 387 1817 rem
400 1768 549 1819 adferuntur

59 1852 78 1885 a
90 1834 196 1887 Schol.
208 1835 242 1885 ad
252 1850 278 1888 v,
292 1837 350 1886 666.
366 1852 394 1902 p.
404 1839 447 1900 45,
460 1838 502 1887 31.
516 1851 549 1886 ex

60 1902 228 1968 Neophrcnis
240 1901 327 1952 fabula
335 1903 363 1952 hi
372 1919 471 1963 versus,
482 1919 549 1966 quos

60 1970 132 2020 fatur
152 1970 257 2051 Aegeus
278 1971 312 2019 ad
332 1971 461 2021 Medeam:
491 1967 550 2022 Καὶ

61 2029 118 2105 γάρ
138 2052 186 2088 τιν
221 2029 310 2097 αὐτὸς
330 2031 446 2103 ἤλυθον
466 2031 549 2090 λύσιν

60 2103 176 2172 μαθεῖν
193 2102 270 2155 Σοῦ·
290 2105 413 2158 Πυθίαν
431 2101 486 2171 γὰρ
503 2098 550 2157 ὅο-

10 2200 13 2211 ·
61 2187 127 2232 σαν,
139 2160 179 2237 ἣν
192 2166 292 2238 ἔχρησέ
302 2188 351 2237 μοι
362 2172 470 2254 Φοίβου
480 2166 550 2253 πρί-

61 2238 548 2374 rtt‘tff’alt’hlthhtrtttt:

61 2374 149 2437 πιζον
169 2374 289 2440 μαθεῖν.
312 2375 345 2425 de
366 2377 460 2438 quibus
482 2376 548 2426 coni.

61 2444 94 2497 A.
108 2440 226 2493 Nauck.
236 2442 339 2507 Tragic.
352 2442 441 2495 Graec.
454 2443 548 2509 fragm.

61 2526 89 2577 p.
102 2511 156 2562 565
172 2525 213 2572 sq.
237 2509 276 2559 Ea
292 2512 357 2560 ratic
377 2527 455 2576 quum
473 2512 550 2561 Euri-

60 2578 119 2645 pidi
142 2579 230 2627 minua
254 2579 390 2629 commoda
411 2580 548 2639 videretur,

61 2646 173 2696 mutavit
183 2660 238 2694 rem
250 2656 275 2695 et
285 2647 402 2711 Aegeum
414 2647 474 2696 lecit
490 2661 550 2713 pro·

60 2712 222 2765 licisccntem
251 2713 284 2762 ad
307 2713 435 2764 Pittheum
461 2729 548 2779 regem

61 2781 312 2842 Troezeniorum,ut
320 2796 353 2830 ex
363 2796 393 2831 ec
402 2782 435 2832 de
445 2782 548 2831 oraculo

61 2850 251 2911 sciscitaretur,
264 2862 329 2898 nave
341 2848 489 2899 Corinthum
502 2865 548 2914 ap-

60 2916 141 2982 pulsa
173 2914 241 2965 lorte
272 2915 377 2966 icrtnua
409 2932 468 2966 cum
496 2917 549 2966 Me-

61 2983 126 3045 dea,
148 2984 190 3033 cui
207 2984 259 3033 lam
275 2994 352 3034 notus
372 2994 447 3034 antea
467 2984 550 3034 luisse

60 3050 179 3117 fingitur,
193 3051 326 3116 congredi.
344 3050 417 3102 Unde
428 3053 489 3116 iam,
504 3053 549 3116 qui

62 3120 195 3183 aequatur,
208 3130 293 3168 sermo
307 3120 395 3170 oritur.

97 3181 549 3253 ν.658.Μη’ὃεια,γαῑρε]Ι)ε

63 3268 115 3305 usu
145 3268 203 3303 voc.
233 3258 316 3320 χαῖρε
345 3255 474 3304 Luciau.
506 3253 549 3318 [de

61 3322 143 3403 lapsu
154 3322 182 3371 ln
191 3321 308 3372 saltando
318 3322 341 3383 §-
348 3318 390 3404 21
397 3333 415 3372 t.
423 3323 443 3371 I.
453 3338 480 3387 p.
490 3323 550 3375 726.

61 3404 97 3441 το
110 3382 168 3455 μὲν
181 3381 222 3455 ’δὴ
241 3387 354 3457 χαίρειν
370 3389 479 3455 αρχαία
497 3385 549 3455 μὲν

61 3450 83 3522 ἡ
90 3452 332 3539 γιρρσαγόργυμιγ,
345 3449 380 3536 pri
392 3450 451 3537 μὴν
464 3449 549 3537 ἑωθι-

62 3522 551 3669 carrucarum

63 3654 182 3737 idtivpee
198 3650 339 3740 ἀλλήλους
353 3655 451 3726 ἔλεγον
468 3674 549 3719 αυτο,

61 3720 103 3787 ὥς
113 3737 161 3778 το·
174 3727 251 3791 Χαῖρ
265 3764 272 3787 ,
286 3745 308 3778 ω
319 3721 447 3780 δυνάστα
462 3726 550 3793 τῆσδε

62 3793 309 3914 ήλλιίἷιρῗοξὲἓ
328 3810 452 3914 waima&
477 3863 550 3915 οοί·

63 3899 165 3997 paco]
179 3917 293 3996 ἢυόδος
310 3881 436 3985 callist
452 3881 491 3997 ἓν,
506 3932 549 3982 Gr.

63 4012 91 4063 p.
102 3998 164 4049 409.
179 3998 219 4049 cd.
233 4008 300 4064 sept.
314 3997 489 4064 Sophoclis
507 3998 549 4047 Al.

64 4066 141 4116 1054.
166 4058 320 4131 ἐξεύρομεν
344 4058 435 4117 αὐτὸν
458 4058 550 4131 ἐχθίω

63 4131 197 4199 Φρυγῶν.
238 4134 359 4198 Αεοιὴγὶ.
388 4133 459 4199 Scpt.
489 4134 548 4184 adv.

602 892 681 942 Theb.
694 892 735 942 20.
749 891 815 943 τίνα
827 892 899 959 γοῦν
902 886 1003 976 γῶραν
1014 893 1086 960 μᾶλ-

604 960 654 1010 λον
675 948 804 1024 εὔφρονα
826 959 899 1026 chod
933 953 1085 1028 ἀφικοίμε-

604 1027 663 1089 om
676 1040 802 1077 rannus.

637 1095 669 1147 V.
693 1095 752 1146 659.
779 1099 1007 1161 προσφωνεῖν
1028 1096 1087 1163 φί-

603 1159 703 1228 λους]
724 1161 883 1225 Quamquam
900 1165 926 1212 in
938 1166 1086 1214 melioribus

603 1229 675 1278 libris
693 1228 789 1293 φίλοις
806 1245 854 1294 pro
868 1229 977 1294 colloco
993 1232 1087 1296 legitur

604 1307 628 1346 et
639 1301 824 1361 novemnovein
832 1300 973 1347 recentiore
983 1300 1086 1361 quidem

604 1374 687 1412 aetate
704 1366 779 1414 etiam
796 1380 854 1414 cum
867 1365 953 1415 dativo
968 1376 1086 1417 constru-

604 1442 673 1481 ctum
683 1441 731 1492 est,
740 1432 819 1482 veluti
829 1448 871 1498 ap.
882 1432 942 1484 Cic.
953 1434 1007 1485 Att.
1015 1434 1086 1484 xvi.

605 1500 646 1559 11,
656 1502 682 1549 4.
696 1500 863 1565 Προσφωνῶ
877 1508 960 1552 autem
971 1502 1088 1553 Ciceroni

601 1569 664 1630 filio.
682 1578 708 1617 et
724 1567 794 1632 apud
808 1567 982 1633 Diogenem
1000 1570 1084 1619 Laert.

604 1634 669 1684 VlII.
692 1634 716 1697 ξ.
734 1637 775 1686 60.
798 1622 820 1698 ᾧ
841 1629 878 1717 tir)
900 1634 951 1687 καλ
968 1630 1003 1687 τὰ
1020 1632 1086 1703 περὶ

604 1694 718 1767 φύσεως
738 1715 963 1769 προσεφωνηιιεν
985 1695 1085 1764 οὕτως,

603 1778 689 1819 tamen
703 1770 876 1819 accusativum
894 1770 1012 1839 φίλους,
1026 1775 1087 1835 quia

604 1835 726 1902 perfacile
738 1852 782 1885 cae
794 1836 893 1886 litterae
901 1841 967 1888 iuter
979 1855 1006 1890 se
1016 1855 1087 1889 com-

604 1904 830 1968 mutaripcterant,
841 1918 892 1954 uon
902 1909 1007 1955 mutavi.
1020 1904 1086 1956 Nam

605 1972 749 2033 antiquiore
761 1971 864 2051 quidem
874 1982 989 2038 tempore
1000 1987 1086 2039 προο-

606 2042 716 2104 φωνεΐν
736 2056 802 2089 τινα
818 2055 846 2090 τι
865 2042 986 2091 usitatius
1005 2041 1087 2091 luisse

604 2107 714 2166 videtur,
727 2107 760 2161 cl,
770 2108 925 2172 Aeschyli
937 2110 979 2160 Αἰ.
993 2109 1086 2176 fragm.

605 2191 637 2225 ex
650 2173 751 2224 Nioba
768 2190 809 2241 ap.
823 2176 982 2227 Plutarch.
996 2177 1086 2228 moral.

605 2258 630 2307 p.
654 2243 712 2293 603.
731 2246 763 2291 A.
787 2242 841 2293 καί
862 2259 897 2308 με
920 2249 1091 2310 προσφωνεῖ

604 2301 684 2362 τάδε.
700 2311 727 2358 in
736 2312 769 2359 A.
780 2309 897 2362 Nauck.
910 2312 987 2378 Trag.
998 2313 1086 2363 Graec.

604 2377 697 2441 fragm.
709 2393 736 2441 p.
748 2380 791 2430 40.

638 2445 672 2494 V.
697 2447 756 2496 660.
786 2445 897 2510 σοφοῦ
927 2447 1087 2498 Πανδίο-

605 2524 675 2570 νος·
696 2504 869 2576 εὐεαίφορός
883 2506 985 2565 ἐστινὸ
998 2507 1087 2580 Εὔρι-

604 2577 694 2645 πίὸης
708 2573 749 2637 εἰς
762 2579 794 2629 τὸ
808 2576 903 2646 λέγειν
915 2574 1024 2646 σοφὸς
1036 2580 1087 2634 καὶ

605 2641 709 2713 σοφή,
733 2639 806 2712 πρὸς
830 2644 925 2715 μηδὲν
948 2644 1087 2716 χρήσιμον

604 2708 840 2795 παραλαμβάνων
852 2710 884 2767 τὸ
897 2708 998 2783 ὄνομα.
1028 2720 1089 2768 Κα-

605 2776 640 2833 roi
654 2782 685 2833 τί
694 2800 748 2848 γαρ
761 2776 852 2847 σοφὸς
865 2778 879 2834 ὁ
891 2783 1031 2835 Πανδίων
1044 2781 1087 2834 λε’-

604 2865 700 2916 γειαι;
724 2843 758 2901 οὗ
782 2843 837 2915 γὰρ
861 2843 899 2915 δὴ
924 2841 1087 2914 ὠνόμασται

604 2917 736 2968 τοιοῦτον
761 2911 852 2968 αὐτοῦ
875 2935 902 2968 τι
922 2913 1005 2981 ἔργον
1022 2909 1085 2969 ἄλλ’

604 2974 1088 3066 οὗὸὲπανουργίαςὲγόμενον,ὥστε

605 3043 756 3102 derivatico
770 3052 909 3132 λεγεσθαι
928 3041 1019 3101 αὐτὸν
1032 3066 1086 3102 σο-

605 3110 684 3184 φόν,
704 3110 770 3170 ἀλλ’
788 3132 880 3184 ωσπερ
897 3112 1088 3185 παραπληρώ-

604 3202 674 3252 ματι
695 3185 798 3254 χρῆται
819 3185 854 3254 τῇ
876 3182 959 3250 λέξει.
1002 3203 1088 3238 scao-

604 3268 731 3305 nrasras.
755 3256 809 3306 Hoc
827 3271 858 3304 ue
874 3256 932 3317 quis
946 3270 978 3305 ex
998 3272 1028 3307 eo
1040 3272 1088 3308 nu-

604 3337 687 3383 mero,
706 3324 751 3385 qui
768 3326 847 3374 nimio
862 3338 940 3389 opere
956 3339 1024 3374 nuuc
1035 3325 1088 3374 Eu-

604 3391 697 3456 ripidis
724 3394 826 3458 poesim
850 3391 972 3441 insectari
995 3393 1087 3452 solent,

604 3459 724 3524 adripiat,
737 3460 787 3509 hoc
796 3461 863 3519 dico,
877 3460 997 3508 usitatam
1007 3476 1088 3522 quan-

605 3526 665 3575 dam
679 3528 847 3578 urbanitatem
860 3527 984 3576 sermonis
998 3527 1050 3576 lere
1062 3530 1088 3576 in

606 3595 661 3643 eius
691 3596 762 3643 modi
786 3595 849 3643 locis
878 3593 1020 3653 requirere,
1052 3604 1088 3652 ut,

606 3675 685 3723 quum
715 3663 870 3710 mentionem
895 3659 977 3710 iacias
1006 3662 1088 3725 patris

605 3728 660 3776 cius
686 3727 812 3789 hominis,
843 3728 947 3788 quicum
970 3727 1088 3793 loquare,

605 3810 663 3844 euni
675 3795 783 3846 honesta
795 3795 906 3859 quadam
918 3796 1091 3861 appellatione

605 3862 721 3913 adiicias.
746 3865 833 3927 ltaque
845 3879 924 3925 quum
939 3865 1009 3914 aliud
1021 3865 1090 3928 quod

605 3931 777 3996 praedicabile
805 3941 874 3982 esset
903 3932 935 3982 dc
957 3933 1090 3983 Pandione

606 4013 657 4048 non
678 3999 782 4050 haberet
806 4000 957 4065 Euripides,
984 4001 1044 4063 quia
1066 4010 1090 4050 et

605 4068 660 4115 seni
673 4079 698 4117 et
709 4070 772 4133 regi,
786 4069 829 4130 qui
839 4083 892 4118 rem
902 4068 1031 4134 publicam
1043 4068 1089 4117 ad-

604 4135 760 4186 ministraret
777 4137 853 4186 etius
866 4136 975 4197 diceret,
994 4150 1089 4185 coure-
