2588 4574
224 226 385 324 μ’
595 251 875 306 nwmms

222 416 284 505 τὴν
302 415 368 503 σὴν
386 412 595 503 στόμαργον,
615 403 643 480 oi
660 410 780 498 γύναι,
798 415 1046 496 γλωσσαλγίαν.

225 517 290 606 ἐμοὶ
310 512 358 604 δ’,
378 513 492 601 ἐπειδὴ
510 513 568 581 καὶ
586 517 664 583 λίαν
682 525 827 601 πυργοϊς
844 510 955 597 χάριν,

224 618 364 709 Κύπριν
380 622 503 705 νομίζω
520 620 581 701 τῆς
600 615 680 702 ἐμῆς
698 617 907 701 ναυκληρίας

225 720 391 810 σοι’τειραν
410 715 496 786 εἶναι
513 721 607 784 θεῶν
624 743 659 784 τε
677 709 895 803 κάνθρώπων
913 709 1031 800 μόνην.

225 823 280 892 σοὶ
298 817 331 890 δ’
352 826 422 890 ἔστι
438 818 502 908 μὲν
519 823 602 897 νοῦς
621 814 758 903 λεπτός,
777 810 854 883 ἀλλ’
875 816 1061 902 ἐπίφθονος

1195 728 1247 781 525

224 922 324 1010 λόγος
343 926 510 1006 διελθεῖν,
529 914 690 1006 ὦς”Ερως
709 911 742 984 o’
761 914 932 1004 ἠνάγκασε

223 1024 329 1107 τόξοις
348 1018 509 1111 ἀφύκτοις
525 1017 656 1108 τούμὸν
676 1021 820 1087 ἐκσῶσαι
837 1017 950 1105 δέμας.

292 1241 802 1334 wmfflfflwmm

419 1334 517 1371 ποναν
528 1334 668 1383 αφνκτων

291 1389 325 1438 V.
338 1390 398 1441 528.
416 1381 511 1450 τόξοις
527 1377 670 1450 ἀφύκτοις
686 1384 717 1437 Β.
740 1375 824 1447 τόφις
842 1373 984 1447 ἀφύκτοις
1002 1378 1030 1431 G.
1054 1374 1150 1444 τόξοις
1166 1369 1245 1446 ἀφύ-

224 1472 302 1515 κτοις
318 1451 476 1521 E[a]b[ed]
494 1444 591 1504 πόνων
608 1443 747 1517 ἀφύκτων
763 1451 798 1501 B.
821 1461 957 1511 utrumque
974 1447 1074 1498 videtur
1096 1463 1155 1498 esse
1171 1448 1198 1497 in
1217 1447 1245 1501 0.

224 1519 310 1590 χέρας
321 1537 370 1589 pro
383 1518 474 1586 δέμας
486 1521 521 1571 B.

224 1716 328 1791 μικρὸν
341 1714 444 1790 ἀγονσι
461 1715 519 1800 τὴνν
527 1720 603 1774 ναῦν
621 1717 662 1780 είς
675 1717 708 1771 τὸ

224 1784 320 1859 πρόσω
332 1791 384 1843 τοῦ
404 1790 488 1844 πλοῦ.
513 1792 658 1855 Ακροισι
676 1783 709 1839 δὲ

224 1863 286 1920 τοῖς
310 1851 341 1911 ἐν
370 1849 447 1925 ἄκρῳ
470 1852 648 1936 ιδεχομένοις
676 1847 709 1907 τό

224 1925 342 1993 πνεῦμα
365 1924 415 1977 καί
440 1943 479 1991 μη
510 1917 586 1975 κατὰ
611 1918 708 1989 μέσον.

223 1995 399 2060 Pflugkius
417 1995 497 2058 igitur
513 2003 591 2042 reete:
620 1990 710 2041 Detra-

225 2072 278 2121 cta,
296 2062 392 2122 inquit,
411 2059 579 2109 similitudine
594 2059 657 2108 haee
669 2074 710 2107 re-

223 2129 349 2191 linquitur
366 2128 502 2176 sententia:
532 2126 620 2176 Haud
641 2127 710 2174 exi-

224 2211 286 2261 gua
301 2194 378 2244 mibi
402 2209 482 2260 opus
501 2204 549 2243 est
566 2193 710 2259 pruden-

224 2264 281 2324 tia,
313 2277 373 2326 quo
408 2277 445 2310 ne
479 2263 544 2310 tuis
578 2261 709 2326 probris

200 2341 383 2392 ¹tamquam
412 2329 561 2378 cautibus
591 2327 710 2377 adhae-

225 2407 334 2448 rescat
361 2406 394 2446 et
425 2406 536 2462 pereat
560 2394 709 2445 defensio

224 2480 300 2514 mea.

258 2533 291 2582 V.
309 2533 368 2583 523.
398 2521 522 2609 ἒμειδὴ
547 2527 608 2580 καί
631 2528 710 2580 λίαν

224 2594 520 2719 autumant}
534 2596 710 2744 {tritula

226 2728 319 2801 λέγεις
342 2729 564 2811 θρασυστομῶν,
596 2730 641 2783 Οτι
670 2724 710 2797 μή

224 2797 291 2852 ποτ’
304 2795 334 2859 ἐς
352 2816 407 2865 την
419 2797 535 2865 Σκῦρον
551 2791 675 2850 ἑκτιλεύσ
696 2816 709 2858 ς

225 2864 307 2935 ἔχων.
339 2867 400 2918 Oed.
418 2883 472 2933 reg.
490 2869 549 2916 412.
572 2861 645 2931 λέγω
690 2858 710 2932 ’,

225 2927 328 3001 ἐπειδὴ
347 2932 398 2986 καὶ
419 2927 530 2999 τυφλόν
547 2925 577 3000 μ’
598 2928 711 2986 ω’νείδι-

224 3017 290 3066 σας,
309 2995 355 3054 Σύ
367 3000 418 3054 καὶ
436 2996 581 3067 δεδορκώς
599 2993 634 3053 ού
647 2997 710 3070 βλέ-

224 3087 302 3132 πεις,
321 3062 361 3121 ἵν’
376 3064 515 3123 εἷκακού.
538 3068 710 3121 Cl.Pl1ilostr.

224 3140 278 3189 Vit.
297 3137 382 3202 Apoll.
395 3138 464 3188 VIII.
481 3139 524 3190 16,
542 3151 569 3201 p.
588 3139 645 3187 360.
670 3137 711 3186 Ex

224 3206 266 3256 his
290 3206 354 3254 loeis
380 3219 505 3269 apparere
531 3205 653 3253 existimo
684 3206 710 3252 in

223 3273 274 3322 boo
285 3287 362 3322 versu
374 3285 425 3320 non
444 3271 574 3334 iungenda
587 3286 645 3319 esse
660 3268 710 3320 aul

225 3338 306 3398 λίαν,
335 3349 363 3388 ut
386 3337 499 3387 voluerat
521 3336 708 3397 Elmslei11s‚

225 3407 269 3469 qui
282 3419 348 3468 quae
359 3405 392 3454 de
407 3403 548 3469 particulae
561 3400 613 3454 καὶ
625 3405 651 3452 vi
664 3419 710 3452 au-

224 3472 303 3538 gendi
316 3473 419 3536 egregIe
430 3472 472 3520 dis
494 3480 560 3530 utut,
574 3471 605 3520 iis
619 3473 709 3534 exqui-

224 3541 275 3591 sita
287 3539 413 3602 quaedam
427 3538 459 3588 ad
478 3540 487 3588 i
504 3549 637 3604 poterunt,
656 3539 710 3589 eol-

224 3608 288 3657 leota
303 3606 598 3658 navarraearum
612 3609 637 3656 ln
651 3623 709 3657 eru-

225 3675 278 3724 dito
298 3673 384 3724 libello
408 3673 594 3733 Quaestionum
615 3675 709 3725 Lucia-

223 3756 330 3791 nearum
342 3757 369 3807 p.
380 3743 396 3792 5
409 3758 467 3804 sqq.
486 3757 605 3793 eunuox.

258 3810 322 3862 ibid.
339 3807 502 3874 stuppeis]
523 3809 631 3859 Notatur
647 3825 708 3874 pro-

224 3886 280 3992 plter
290 3876 372 3992 puius
389 3877 460 3993 veplbi
476 3891 553 3956 usum
570 3876 708 3993 Eppppides

224 3959 239 3992 a
286 3954 417 4009 .r1stop
447 3959 505 3994 ane
534 3959 561 3992 m
632 3958 657 3993 u.
681 3960 707 3994 v.

224 4013 292 4062 1004
309 4027 349 4074 sq.
378 4011 444 4080 Vide
461 4027 528 4075 quae
545 4011 622 4062 modo
640 4011 708 4061 dieta

223 4089 285 4129 sunt
297 4093 376 4145 supra
388 4079 421 4128 ad
433 4095 457 4129 v.
470 4081 528 4130 521.

258 4147 292 4198 V.
319 4148 377 4199 526.
415 4143 469 4198 ool
493 4138 522 4197 δ’
549 4141 621 4199 ἔστι
645 4142 708 4213 μὲν

761 1720 844 1780 νοῦς
863 1711 988 1777 λεπτός
1005 1707 1074 1781 κτὲ.]
1097 1717 1157 1766 tibi
1174 1717 1246 1779 qui-

763 1789 830 1838 dem
854 1785 986 1836 subtilis
1010 1799 1094 1834 meus
1121 1794 1186 1844 est,
1218 1794 1248 1833 ut

763 1854 1246 1920 intellegerehoeatqueaguo·

762 1921 963 1974 soerelaoile
979 1921 1107 1986 possis,
1124 1921 1182 1969 sed
1199 1928 1247 1969 ta-

761 2005 828 2039 men
853 1989 997 2038 iuvidiae
1020 1987 1114 2054 plena
1140 1988 1245 2037 oratio

762 2068 823 2116 est,
847 2058 873 2107 si
890 2057 961 2120 ipse
978 2056 1076 2105 doceo
1095 2064 1123 2105 te
1140 2069 1247 2105 amore

763 2125 929 2174 adductam
951 2139 1036 2184 esse,
1058 2133 1091 2171 ut
1110 2137 1158 2172 me
1178 2138 1246 2172 ser·

762 2207 870 2242 urmes.⁴
896 2190 1033 2255 Expressit
1054 2205 1097 2252 ea,
1118 2204 1186 2252 quae
1206 2204 1247 2241 se·

762 2268 886 2323 quuntur‚
904 2257 1025 2308 Ennius
1042 2259 1078 2307 ita
1095 2258 1167 2323 apud
1184 2254 1245 2308 Cio.

762 2326 836 2392 Disp.
854 2327 930 2377 Taso.
947 2326 1001 2376 IIII.
1019 2327 1066 2385 32,
1084 2327 1126 2376 69.
1155 2325 1193 2376 Tu
1208 2341 1246 2376 ane

763 2396 857 2446 umoris
869 2395 949 2458 napis
962 2409 1036 2460 quom
1045 2393 1150 2444 honoris
1159 2408 1246 2444 serua·

763 2464 823 2514 vieti
849 2465 944 2527 proila.
981 2460 1020 2510 ol.
1045 2459 1074 2510 0.
1104 2460 1246 2511 Ribbeck

762 2531 863 2595 Tragie.
879 2530 937 2579 Lat.
955 2529 1045 2590 reliqu.
1063 2544 1090 2592 p.
1112 2530 1155 2580 40.
1174 2538 1200 2578 et
1219 2544 1246 2594 p.

761 2599 821 2648 250.
844 2598 880 2649 Io.
899 2597 1021 2646 Vahlen
1038 2595 1149 2649 Ennian.
1171 2598 1245 2661 pods.

761 2665 852 2726 reliqu.
865 2680 892 2729 p.
906 2666 963 2715 131.

795 2733 828 2782 V.
843 2733 902 2783 528.
920 2723 1037 2794 τόξοις
1051 2720 1244 2799 ἀφύκτοις]

761 2799 809 2859 Εο,
823 2800 893 2862 quod
905 2810 929 2849 et
941 2798 1007 2848 infra
1016 2814 1041 2848 v.
1052 2799 1111 2848 531.
1121 2797 1246 2848 habemus

763 2856 895 2932 ἀφνκτον
920 2858 1023 2917 οἰστόν.
1048 2866 1118 2915 etin
1140 2865 1245 2931 Hippoi.

763 2934 893 2985 1416.lroo
901 2935 988 2999 ipsum
999 2924 1093 2995 τόξοις
1103 2922 1247 2998 ἀφύκτοις

761 3002 867 3067 legitur,
897 3016 949 3051 non
973 3000 1082 3050 efficitur
1106 3000 1156 3050 hoe
1178 3001 1245 3059 loeo,

762 3071 805 3149 ubi
835 3070 1034 3135 praestantiores
1064 3068 1121 3117 libri
1151 3062 1247 3131 τόξοις

762 3129 905 3202 αφύκτοις
921 3137 1026 3194 habent,
1050 3136 1077 3184 id
1094 3150 1127 3184 ex
1144 3135 1245 3200 glosse-

762 3216 830 3253 mate
843 3214 925 3252 ortum
939 3218 1005 3263 esse,
1019 3217 1105 3252 veram
1117 3213 1204 3253 autem
1215 3202 1244 3251 il

762 3271 812 3320 lam
829 3272 997 3335 scripturam,
1019 3285 1085 3332 quae
1102 3280 1127 3320 et
1145 3271 1246 3320 minore

761 3338 884 3386 librorum
902 3338 1053 3387 auctoritate
1065 3336 1210 3388 defenditur
1222 3346 1246 3387 et

760 3406 913 3454 sententiam
924 3419 1016 3470 parum
1028 3406 1148 3455 idoneum
1160 3404 1245 3465 habet,

760 3465 858 3524 πόνων
871 3463 1018 3537 ἀφύκτων.
1036 3471 1107 3530 Quae
1117 3474 1246 3538 scriptura

761 3541 783 3589 si
797 3555 847 3590 uon
861 3556 923 3590 casu
935 3552 995 3591 nata
1007 3551 1059 3601 est,
1076 3540 1189 3590 fortasse
1201 3555 1246 3590 su·

760 3610 898 3675 spitiouem
911 3620 997 3658 movet
1014 3608 1074 3657 olim
1091 3607 1134 3657 hie
1145 3608 1246 3673 plenio-

760 3691 813 3726 rem
844 3678 986 3725 orationem
1016 3676 1112 3735 luisse,
1143 3677 1169 3725 in
1194 3689 1245 3738 quu

760 3745 836 3794 etiam
869 3744 1002 3808 genetivus
1032 3736 1130 3795 πόνων
1160 3742 1245 3792 locum

759 3811 853 3860 habere
865 3821 964 3876 posset.
986 3809 1038 3861 Sed
1050 3813 1108 3873 quts
1121 3812 1147 3860 iu
1160 3825 1189 3860 re
1200 3810 1245 3861 ad·

760 3878 865 3927 modum
882 3879 978 3928 ineerta
992 3879 1133 3941 quidquam
1153 3878 1246 3928 audeat

759 3960 808 4011 pro
829 3956 897 3995 oerto
919 3945 1073 3996 adfirmare?
1098 3946 1127 3995 ld
1144 3954 1245 3995 tantum

761 4027 809 4078 ego
827 4014 967 4075 contendo,
988 4014 1154 4074 sententiam,
1176 4027 1245 4093 quae

761 4082 842 4131 estin
859 4080 997 4148 hocloco,
1015 4083 1036 4132 si
1054 4072 1150 4144 τόξοις
1167 4072 1245 4147 νιφό-

760 4165 838 4210 κτοις
847 4151 996 4211 retinemus,
1007 4150 1242 4214 esseaptissimaiu.
