2566 4574
126 276 192 324 VIII
264 284 269 297 '
534 276 744 326 PRAEFATIO.

127 423 198 477 tum
224 414 307 478 inita
326 413 561 501 ¹subductaque
594 415 722 478 ratione
751 415 786 478 in
816 436 922 478 meam
956 417 1151 480 sententiam

128 515 306 580 concedere
339 537 404 580 non
436 517 594 601 potuerit,
631 537 691 600 ego
725 516 766 580 ab
800 538 838 581 eo
872 526 986 601 gratus
1014 516 1151 581 meliora

128 613 277 681 edocear.
329 616 426 681 Multi
454 617 540 681 enim
567 639 654 681 nunc
688 616 750 682 hoc
777 616 914 699 habent,
949 626 986 681 ut
1013 620 1071 682 vix
1104 620 1152 682 in-

128 719 251 803 spectis
272 719 439 803 scriptoris
462 720 572 784 verbis
601 741 639 784 ac
662 720 720 784 vix
743 719 856 784 audita
878 718 1017 784 aliorum
1046 741 1152 803 gram-

126 820 320 883 maticorum
350 821 511 885 sententia
540 819 580 884 de
607 820 687 884 locis
718 819 919 885 difficillimis
947 821 1091 885 iudicent
1120 831 1152 885 et

126 921 162 985 id
184 922 305 1006 potius,
329 920 417 1007 quod
438 922 518 1006 ipsis
535 923 577 986 ad
592 930 720 1006 tempus
736 921 906 1007 placuerit,
929 925 1151 1008 pronuntient,

128 1044 227 1109 quam
249 1022 336 1108 quod
351 1044 451 1088 causa
465 1024 621 1109 requirat.
652 1023 727 1088 Non
749 1033 859 1115 autem
880 1025 942 1088 hoc
963 1023 1035 1088 loco
1049 1025 1152 1110 philo-

129 1125 240 1209 logum
268 1126 451 1211 quempiam
481 1127 673 1189 nominatim
700 1126 847 1211 proferre
869 1126 945 1191 volo
974 1134 1030 1189 aut
1052 1127 1153 1190 tacito

128 1228 259 1291 nomine
274 1226 475 1291 describere:
499 1249 568 1290 rem
583 1235 670 1309 not0,
693 1248 759 1291 non
780 1228 942 1292 homines:
967 1249 1072 1312 neque
1091 1249 1152 1311 ego

128 1327 157 1391 is
181 1350 268 1408 sum,
298 1330 354 1414 qui
381 1328 460 1391 mihi
482 1327 599 1392 videar
624 1351 706 1392 unus
734 1339 865 1415 praeter
888 1337 1012 1393 ceteros
1034 1350 1150 1392 verum

128 1429 252 1494 vidisse
275 1439 308 1494 et
330 1452 429 1515 quum
451 1428 608 1494 nonnulla
633 1432 667 1494 in
696 1430 869 1494 tractanda
896 1431 958 1494 hac
980 1429 1150 1514 Euripidis

128 1531 244 1596 fabula
271 1531 387 1595 melius
411 1553 431 1595 a
451 1554 503 1595 me
531 1553 629 1617 quam
652 1533 694 1595 ab
724 1533 796 1596 aliis
826 1531 1053 1595 administrata
1081 1553 1153 1596 esse

130 1634 248 1713 sentio,
278 1635 312 1696 in
336 1631 485 1718 pluribus
510 1641 619 1696 tamen
643 1631 741 1714 locis,
773 1635 916 1696 maxime
946 1634 981 1696 in
1005 1635 1154 1697 carmini-

128 1736 190 1798 bus
214 1734 352 1798 choricis
376 1743 409 1797 et
431 1734 641 1798 emendandis
665 1743 698 1797 et
721 1735 924 1814 enarrandis,
955 1736 1053 1798 etiam
1077 1734 1154 1798 alio-

128 1856 202 1899 rum
230 1857 362 1919 operam
392 1835 489 1901 valde
519 1836 679 1901 desidero.
729 1836 794 1901 Sed
821 1835 896 1899 nolo
924 1837 959 1899 in
987 1859 1037 1916 re,
1069 1858 1154 1920 quae

129 1959 194 2001 non
218 1937 363 2001 difficilis
387 1947 437 2001 est
460 1938 754 2019 adiudicandum,
777 1938 913 2001 nimium
936 1939 1082 2001 curiosus
1105 1939 1153 1999 vi-

130 2038 200 2102 deri
222 2047 255 2101 et
277 2039 382 2122 spatio
406 2038 485 2101 mihi
507 2060 661 2102 concesso
683 2041 791 2122 potius
813 2046 905 2118 utar,
933 2047 969 2101 ut
991 2037 1154 2122 quaedam

131 2139 292 2219 adferam,
327 2140 367 2203 de
398 2139 517 2224 quibus
549 2142 585 2203 in
615 2141 819 2203 enarratione
847 2140 920 2224 ipsa
948 2138 1055 2202 dicere
1088 2160 1154 2201 non

129 2249 294 2326 poteram,
324 2240 412 2326 quod
435 2242 557 2325 scripta
578 2242 665 2324 ipsa,
694 2263 778 2325 quae
799 2241 864 2304 huc
887 2250 1051 2325 spectant,
1074 2261 1153 2302 non-

131 2343 208 2406 dum
230 2345 264 2405 in
287 2365 401 2406 manus
423 2364 512 2405 meas
533 2352 701 2422 venerant,
725 2362 788 2427 quo
812 2342 852 2405 de
874 2363 993 2424 genere
1016 2363 1154 2405 comme·

130 2442 288 2507 moranda
317 2454 392 2507 sunt
419 2465 503 2529 quae
531 2443 571 2506 de
600 2444 769 2528 Euripidis
798 2443 916 2507 Medea
944 2443 1154 2507 chricus

130 2544 239 2608 Weil
262 2545 392 2629 scripsit
420 2546 454 2608 in
476 2544 570 2609 Nov.
596 2545 728 2608 annal.
751 2544 892 2628 philol.
918 2553 955 2607 et
983 2544 1154 2630 paedag.

129 2645 196 2711 vol.
219 2645 430 2709 LXXXXV.
452 2669 483 2730 p.
500 2647 690 2709 376-384.
713 2656 782 2709 tum
803 2668 886 2730 quae
907 2646 950 2708 A.
972 2645 1153 2729 Docring

129 2749 165 2810 in
188 2746 425 2832 disputatione,
449 2770 531 2834 quae
553 2748 757 2812 inscribitur:
787 2747 868 2811 ‘Die
885 2747 1073 2830 bedeutung
1097 2746 1155 2810 der

130 2849 298 2933 tragoedis
325 2847 469 2931 Χριστὸς
500 2849 638 2930 πάσχων
674 2849 726 2912 fiir
762 2848 813 2912 die
842 2849 1153 2933 Euripideskritik⁷a

129 2953 164 3014 in
191 2950 336 3014 Philol.
359 2950 424 3016 vol.
448 2950 560 3014 XXV.
589 2952 671 3015 fasc.
700 2951 746 3015 II.
774 2974 806 3037 p.
830 2950 1021 3014 uti-258.
1052 2957 1085 3012 et
1113 2949 1153 3012 de

130 3051 249 3117 Medea
271 3053 402 3137 quidem
424 3077 456 3138 p.
479 3052 659 3116 229-239.
684 3055 845 3137 exposuit.
885 3052 1010 3116 Eodem
1033 3051 1153 3114 addam

132 3152 197 3216 alia
219 3153 389 3238 quaedam,
413 3175 497 3238 quae
518 3157 552 3216 in
574 3155 647 3236 ipsa
669 3154 801 3218 fabulae
825 3155 1045 3231 enarratione,
1070 3173 1154 3236 quae

131 3255 273 3317 tironum
295 3256 368 3317 usui
392 3255 668 3318 accommodatior
685 3277 756 3318 esse
777 3255 932 3342 debebat,
963 3274 1153 3316 commemo-

130 3355 197 3418 rari
219 3377 284 3418 non
306 3364 464 3439 poterant.
511 3357 561 3419 Ac
583 3357 723 3440 primum
746 3355 877 3441 quidem
900 3355 997 3418 huius
1019 3351 1154 3417 fabulae

131 3479 163 3520 v.
194 3455 246 3518 21.
275 3455 474 3538 Doeringius
504 3455 751 3520 anteferendam
779 3479 851 3521 esse
880 3458 1047 3520 existimat
1076 3456 1154 3518 scri·

131 3567 261 3641 pturam
284 3558 394 3634 δεξιᾶς
417 3560 530 3621 πίστιν
551 3560 727 3640 μεγίστην,
752 3581 850 3644 quam
873 3560 971 3622 etiam
994 3558 1077 3621 liber
1092 3579 1153 3619 ms,

132 3662 273 3743 optimus
303 3659 478 3744 Scriptoris
507 3659 630 3725 Christi
663 3661 817 3745 patientis
849 3660 983 3739 habeat,
1018 3659 1075 3722 sed
1111 3659 1154 3721 ad

132 3759 269 3824 alteram
305 3772 413 3825 tamen
457 3764 651 3846 scripturam
694 3761 866 3825 tutandam
903 3761 1010 3824 adfert
1045 3760 1153 3823 locum

132 3862 244 3926 Livii
266 3863 292 3926 I.
316 3863 372 3943 21,
402 3863 432 3924 4.
464 3869 513 3926 Ad
541 3868 573 3926 id
593 3871 764 3928 srrcrortum
790 3869 929 3940 flamines
956 3867 1030 3939 biqis
1058 3882 1154 3925 curru

134 3977 262 4028 arcuato
280 3970 347 4028 veti
368 3970 452 4028 iussit
474 3985 623 4042 mctmtqtte
646 3971 689 4028 ad
704 3972 814 4043 dmitos
837 3985 929 4043 usqae
943 3971 1075 4028 incomta
1090 3983 1154 4024 rem

134 4070 265 4130 diuinam
289 4070 414 4143 facere,
448 4073 652 4144 siqnificoates
681 4073 773 4143 sidem
806 4072 963 4130 tutandam
997 4070 1154 4141 sedemque

133 4175 197 4232 etus
218 4174 308 4232 etiam
331 4175 361 4232 in
385 4165 502 4232 deceris
529 4181 684 4233 socratam
712 4190 783 4233 esse.
828 4168 921 4232 Idem
944 4191 975 4231 v.
1000 4166 1051 4229 68.
1076 4167 1153 4230 scri-
