2588 4574
213 220 273 286 128

580 215 864 270 EURIPIDIS

576 367 872 421 HAIAAPSIFOZ.

150 479 152 483 ·
217 445 358 536 θάρσει·
386 458 519 536 κρατεῖς
536 471 588 513 τοι
605 443 663 512 καὶ
681 440 724 511 σά
743 439 828 532 πρός
845 439 974 509 τέκνων
992 444 1050 509 ἔτι.

641 554 817 607 ΜΗΔΕῙΑ.

218 632 344 714 άλλονς
361 630 491 714 κατάξω
509 628 661 721 πρόσθεν
678 625 699 716 ἡ
717 626 834 696 τάλαιν

839 624 935 651 ,11

869 654 944 713 εγω.

282 780 317 834 V.
331 781 404 831 1002.
431 781 546 844 κρατεῖς
563 792 608 828 τοι
628 776 687 825 libri
703 789 761 825 cum
778 772 884 824 Schol.
907 766 989 825 κάτει
1004 788 1051 824 τοι
1064 772 1240 825 Personas.

213 841 326 915 κατάξῃ
343 847 556 912 Margravius.

248 951 280 999 V.
294 951 370 1000 1002.
394 939 539 1011 θάρσει·
559 947 700 1012 κρατεῖς

215 1033 269 1069 τοι
286 1008 358 1084 κτὲ.]
384 1015 545 1078 Quamquam
563 1028 614 1063 non
634 1026 699 1077 nego

216 1086 361 1151 specIosam
381 1083 519 1133 admodum
540 1082 621 1132 videri
641 1095 701 1130 con-

215 1155 338 1203 iecturam
356 1151 551 1217 Musgravli,
575 1147 703 1212 quiquod

215 1221 306 1270 Medea
326 1236 352 1274 v.
370 1221 445 1270 1003.
462 1219 570 1269 diceret:
598 1206 703 1274 άλλονς

216 1282 331 1352 κατάξω
342 1280 471 1353 πρόσθεν
481 1279 499 1353 ἦ
511 1277 623 1337 τάλαιν’
636 1275 701 1351 ἐγώ,

215 1366 365 1421 comparato
400 1354 450 1404 alio
484 1355 540 1403 loco
570 1352 702 1417 Euripidis

216 1423 300 1489 lplrig.
325 1424 383 1477 Aul.
401 1423 459 1472 658.
480 1415 564 1487 Ἰφιγ.
590 1409 703 1471 ὄλοιντο

218 1483 319 1558 λόγχαι
336 1488 386 1542 καλ
408 1481 443 1540 τά
460 1485 597 1540 Μενέλεω
617 1476 703 1540 κακά.

215 1550 267 1624 Ἂν.
288 1549 402 1617 Ἀλλοας
424 1547 486 1608 ὀλεῖ
506 1549 627 1623 πρόσθ’,
648 1547 703 1619 u'pt

219 1616 384 1677 διολέσαντ’
410 1619 489 1691 ἔχει,
512 1624 576 1673 haec
596 1638 704 1689 prorsus

218 1696 357 1756 exaequari
373 1694 410 1743 sic
421 1693 514 1752 voluit,
532 1701 561 1741 ut
576 1706 624 1755 pro
636 1707 706 1756 κρα·

218 1765 278 1821 τεῖς
290 1778 334 1813 τοι
346 1761 497 1812 scriberetur
509 1756 637 1822 κατάξει,
650 1762 667 1810 i.
681 1775 703 1810 e.

219 1831 251 1879 in
271 1829 352 1879 hanc
379 1838 494 1878 terram
515 1827 705 1878 restitueris

220 1911 275 1973 per
298 1897 420 1947 liberos
444 1906 532 1956 tuos,
560 1906 645 1946 tamen
674 1910 706 1945 ue

221 1979 288 2014 nunc
300 1966 404 2028 quidem
416 1973 496 2029 puto,
514 1965 618 2026 quaein
632 1963 704 2013 libris

221 2032 339 2082 omnibus
363 2032 470 2082 habetur
496 2041 520 2080 et
543 2030 706 2082 confirmatur

220 2100 252 2149 ab
273 2097 459 2149 Sclroliaste
483 2099 625 2164 scriptura,
649 2114 706 2146 mu-

221 2166 707 2232 taudamesseacminusetiamproba-

220 2234 297 2285 bilem
317 2234 400 2284 habeo
420 2233 557 2284 Porsoni
577 2235 708 2283 coniectu-

221 2317 290 2361 ram,
309 2317 386 2364 quam
398 2302 513 2368 plerique
525 2317 593 2351 nunc
604 2316 707 2367 recepe-

221 2379 281 2419 runt
294 2370 388 2429 critici,
407 2371 451 2431 qui
463 2360 545 2420 κάτει
557 2385 602 2420 τοι
619 2369 708 2418 eadem

222 2436 274 2487 lere
286 2438 424 2498 sententia,
438 2453 490 2499 qua
501 2436 706 2502 Musgravius

224 2497 356 2570 κατάξει,
381 2505 457 2554 scribi
482 2504 571 2554 voluit.
607 2504 708 2555 Etenim

220 2575 338 2638 κρατεῖς
349 2588 407 2632 τοι,
426 2573 496 2635 quod
508 2573 534 2621 in
546 2571 618 2621 libris
630 2572 708 2622 habe-

223 2653 264 2690 tur
276 2649 301 2689 et
312 2655 378 2702 qnae
388 2654 439 2689 vox
452 2640 477 2687 in
490 2640 545 2688 eius
560 2639 632 2688 modi
646 2654 708 2689 con·

224 2707 394 2756 solutionibus
407 2707 536 2771 proverbii
547 2705 631 2756 locum
644 2707 709 2756 obti-

223 2775 311 2826 nuisse
320 2773 430 2838 vitietur,
441 2790 519 2838 quum
529 2789 708 2841 comparamus

224 2841 400 2921 Sophoclis
426 2842 466 2897 Αἰ.
493 2844 567 2894 1³53.
597 2842 708 2896 Brunck.

221 2923 347 2961 καοσαι·
366 2912 480 2977 κρατεῖς
490 2927 535 2963 τοι
547 2909 709 2977 τῶνφίλων

222 2969 400 3045 νικώμενος,
429 2980 534 3029 eandem
558 2980 709 3030 sententiam

223 3047 313 3107 habet,
325 3061 402 3110 quam
414 3047 506 3097 inferre
518 3047 654 3098 voluerunt
664 3047 709 3110 illi,

223 3115 268 3177 qui
292 3125 336 3164 aut
358 3106 440 3166 κάτει
462 3131 507 3166 τοι
528 3126 572 3164 aut
591 3108 709 3178 κατάξει

222 3182 302 3232 scribi
322 3182 474 3236 maluerunt.
505 3185 623 3245 κρατεῖν
643 3184 710 3232 euim

226 3249 576 3314 estsuperioremesse,
594 3264 710 3315 super-

225 3318 333 3365 stitem
352 3330 435 3376 esse,
454 3325 483 3364 et
499 3318 709 3366 rnrsnsvires

224 3383 492 3432 etauctoritatem
505 3384 663 3448 recipere,
679 3394 711 3434 nt

225 3449 301 3500 aliis
336 3460 547 3516 praestemus.
596 3450 708 3513 Medeae,

226 3517 709 3585 quae,quamquamliberibenigneex-

224 3586 293 3652 cepti
305 3595 377 3635 erant
388 3584 507 3637 aGlauce
519 3595 598 3650 atque
612 3587 708 3654 omnia,

225 3668 293 3716 quae
304 3653 385 3703 voluit
395 3654 453 3720 ipsa
465 3654 513 3704 hac
524 3655 650 3705 missione
662 3656 709 3705 im-

226 3729 340 3787 petrare,
357 3722 422 3772 bene
438 3731 558 3773 eventura
575 3739 633 3774 esse
649 3739 710 3791 spe-

226 3788 277 3837 rari
300 3798 411 3854 poterat,
437 3790 517 3840 tristis
541 3801 594 3840 erat
618 3791 712 3841 illacri-

224 3870 310 3917 mans,
323 3866 390 3907 recte
399 3858 566 3923 paedagogus
578 3858 645 3909 hauc
656 3874 711 3909 ma-

226 3924 269 3989 gis
288 3925 433 3974 universum
449 3926 648 3978 consolationem
665 3927 712 3977 ad-

228 3991 315 4041 hibere
331 3994 428 4058 potuit:
453 3984 574 4058 Θάρσει·
597 3997 711 4061 κρατεῖς

227 4075 272 4110 τοι
283 4056 334 4112 καλ
346 4055 382 4111 σθ
393 4052 464 4124 πρός
476 4056 582 4113 τέκνων
594 4057 651 4126 Im
664 4063 680 4113 i.
688 4079 711 4112 e.

227 4126 315 4178 Bono
348 4129 451 4178 animo
483 4138 565 4179 esto:
602 4131 711 4180 vinces

751 942 899 1009 profecto
929 952 958 992 et
991 943 1144 1009 superior
1174 943 1242 994 eris

752 1009 1243 1076 etiamtualiquandoperlibe-

752 1093 805 1128 ros
818 1090 901 1130 tuos.
920 1077 958 1127 De
970 1089 1086 1144 tempore
1098 1079 1239 1144 praesenti,

753 1147 797 1196 ubi
809 1144 999 1211 exspectaveris
1013 1145 1125 1196 futurum
1135 1183 1142 1205 ,
1154 1161 1183 1201 v.
1196 1161 1242 1197 su·

753 1213 1243 1281 prav.905.eumPlluglriietuildb.

754 1297 812 1332 cum
841 1291 953 1332 nostra
977 1282 1156 1340 adnotatione,
1188 1290 1243 1332 tum

755 1349 859 1400 Schol.
876 1350 953 1400 adh.
974 1349 990 1403 l.
1014 1349 1078 1399 Huic
1092 1349 1243 1417 paedagogi

755 1416 1039 1468 consolationiallledea
1048 1418 1103 1468 iure
1111 1418 1185 1468 reddi
1195 1432 1244 1484 po-

755 1496 832 1536 terat:
860 1476 964 1545 άλλονς
980 1477 1096 1553 κατάξω
1110 1477 1245 1552 πρόσθεν

755 1545 899 1620 ἡτάλαιν’
910 1545 973 1620 ἐγώ,
986 1555 1004 1604 i.
1017 1570 1039 1604 e.
1053 1552 1245 1617 Priusquam

756 1636 813 1688 ego
830 1624 978 1687 superior
995 1635 1061 1681 ero,
1084 1621 1167 1671 alios
1188 1622 1245 1673 de·

756 1691 864 1739 ducam
880 1691 997 1739 misera
1009 1702 1075 1753 ego.
1103 1689 1137 1740 Id
1153 1688 1245 1740 uera

756 1758 818 1808 dicit
823 1757 854 1807 de
865 1757 1001 1806 liberorum
1011 1772 1081 1820 nece,
1088 1758 1194 1820 quosad
1203 1759 1245 1807 in·

756 1825 826 1876 leros
839 1826 889 1874 iam
902 1825 1034 1875 demittere
1044 1825 1168 1885 videatur,
1182 1840 1245 1892 pae-

757 1893 876 1959 dagogos
886 1901 980 1952 autem,
987 1902 1016 1941 ut
1023 1907 1057 1941 ex
1066 1893 1120 1943 eiua
1127 1895 1244 1945 oratione

757 1962 931 2027 agnoscimus,
938 1961 972 2011 ad
981 1960 1074 2011 liberos
1083 1960 1190 2026 rettulit,
1200 1962 1246 2025 qui

756 2027 1246 2091 iamaMedeaaliorsumdarentur,ita-

758 2112 808 2158 que
819 2097 876 2161 ipse
893 2097 978 2161 pergit
990 2111 1047 2145 eam
1057 2097 1094 2146 ita
1105 2096 1245 2157 consolari,

757 2172 786 2212 ut
808 2164 889 2214 dicat:
925 2163 991 2214 Non
1015 2164 1076 2214 tihi
1096 2164 1157 2214 hoc
1180 2165 1246 2215 soli

759 2232 889 2291 accidit,
907 2241 935 2282 ut
950 2247 967 2282 a
981 2230 1069 2283 liberis
1085 2247 1245 2298 separarere.

758 2297 791 2349 Ut
802 2299 881 2365 igitur
896 2298 1022 2350 lateamus
1040 2314 1092 2350 non
1104 2310 1157 2351 tam
1168 2301 1246 2351 verba

758 2368 784 2416 in
806 2367 847 2418 his
867 2369 984 2418 versibus
1006 2382 1084 2432 quam
1106 2370 1246 2419 sententias

759 2445 915 2498 exaequatus
928 2452 998 2497 esse,
1016 2447 1102 2486 tamen
1118 2451 1171 2486 non
1183 2452 1246 2503 poa·
1280 2438 1284 2447 “

759 2518 848 2554 sumus
872 2513 970 2554 mutare
995 2519 1052 2555 eam
1080 2505 1246 2570 scripturam,

760 2586 826 2633 quae
849 2581 916 2621 recte
939 2572 1052 2638 intellegi
1074 2582 1175 2637 potest,
1199 2588 1247 2625 neo

760 2639 876 2688 videmus
889 2641 915 2689 in
928 2654 958 2690 eo
975 2641 1034 2706 ipso
1051 2638 1121 2703 loco,
1138 2655 1192 2704 quo
1208 2641 1247 2691 al·

760 2715 813 2755 tero
843 2722 907 2756 usus
937 2718 976 2756 est
1004 2708 1177 2758 Elmsleius
1213 2709 1246 2759 ad

760 2773 901 2840 Maagravii
917 2776 1043 2825 rationem
1057 2775 1246 2838 stabiliendam,

760 2844 837 2892 verba
850 2844 1119 2908 prorsusinterseres
1140 2845 1246 2905 andere,

760 2910 944 2964 Electr.v.221.
954 2901 1049 2962 ’Htfst
1063 2859 1247 2980 Φοῖόῖάπσλ-

761 2978 825 3033 λον,
843 2979 1006 3044 προσπίτνω
1024 2993 1056 3030 σε
1066 2971 1111 3099 ,up
1128 2980 1246 3035 θανεῖν.

754 3036 1064 3113 ὈρἌλλονικτάνοιμ
1108 3047 1248 3115 vuillon

761 3105 880 3181 ἐχθίους
892 3110 990 3166 σέθεν.

799 3183 831 3235 V.
845 3185 918 3234 1003.
942 3173 1070 3243 ἄλλους
1087 3178 1244 3251 κατάξω]

762 3248 891 3299 Orationis
901 3249 1065 3316 ambiguitas,
1078 3266 1144 3315 qnae
1153 3253 1181 3302 in
1190 3253 1247 3303 eius

761 3317 832 3366 modi
854 3317 916 3367 locis
940 3318 1007 3368 solet
1031 3336 1101 3380 ease,
1126 3322 1178 3370 sita
1198 3321 1248 3371 hoc

761 3383 818 3433 loco
838 3400 889 3435 non
906 3386 933 3434 in
950 3401 980 3436 eo
998 3397 1049 3451 est,
1068 3388 1139 3450 quod
1155 3388 1247 3439 Medea

760 3451 869 3529 formam
892 3445 1007 3517 κατάξω
1032 3471 1048 3505 a
1070 3456 1148 3506 verbo
1178 3472 1248 3508 κατ·

760 3535 883 3586 αρννμι,
917 3524 1086 3588 paedagogus
1114 3533 1200 3574 nutem
1232 3538 1249 3573 a

760 3590 838 3639 verbo
862 3583 977 3655 κατάγω
1000 3591 1123 3652 deducat,
1145 3593 1174 3641 in
1197 3604 1249 3655 qua

761 3660 887 3707 sententia
915 3658 990 3708 video
1019 3659 1249 3709 Firnhaberum

761 3740 819 3776 esse
835 3725 852 3779 l.
864 3725 883 3779 l.
899 3741 925 3791 p.
940 3727 988 3777 171
1000 3742 1050 3790 sq„
1069 3727 1116 3777 sed
1131 3718 1249 3791 κατάξω

763 3794 908 3844 necessario
936 3795 968 3844 ab
997 3804 1105 3858 utraque
1134 3809 1248 3861 persona

763 3859 871 3911 refertur
887 3862 921 3911 ad
945 3854 1074 3930 κατάγω,
1097 3864 1132 3913 ita
1151 3873 1246 3921 umen,

762 3937 790 3977 ut
812 3928 900 3979 Medea
923 3930 956 3980 de
978 3931 1063 3981 liberis
1091 3931 1125 3981 ad
1148 3930 1247 3981 inferos

761 3995 907 4060 mittendis,
934 3999 1103 4065 poedagogus
1128 3999 1160 4049 de
1183 4015 1248 4065 pue-

761 4063 798 4112 ris
816 4064 849 4114 ad
865 4065 983 4116 Iasonem
1000 4077 1099 4133 patrem
1117 4067 1249 4118 deducen-

762 4130 802 4180 dis
826 4132 929 4197 cogitet.
966 4135 1055 4198 Itaque
1077 4136 1249 4202 paedagogus
