2566 4574
491 235 671 287 MEDEA.

164 397 268 477 βαίη·
294 397 329 458 τί
344 391 456 478 δέμον
471 397 529 479 ζῆν
547 397 594 460 ἔτι
611 395 748 482 νέρδος;

164 496 240 578 φεῦ
258 497 344 579 φεῦ·
367 491 505 583 θανάτῳ
523 502 775 582 καταλυσαίμαν

219 590 340 679 βιοτὰν
357 593 524 682 στυγερὰν
540 601 760 683 προλιποῦσα.

503 723 654 777 ΧΟΡΟΣ.

520 801 638 874 στροφή.

160 895 260 982 ἄνες,
283 887 309 963 ui
328 901 397 965 Ζεῦ
414 897 469 963 καὶ
488 902 532 983 γᾶ
550 898 606 964 καὶ
623 903 707 986 φῶς,

123 1079 158 1131 V.
173 1080 237 1130 149.
271 1074 483 1141 Stropharum
502 1077 601 1126 initium
622 1077 719 1128 faciunt
736 1079 788 1127 bini
807 1081 907 1130 dimetri
924 1086 1080 1148 anapaestici

59 1162 111 1195 rum
128 1145 252 1211 singuiis
270 1145 449 1196 monometris:
473 1157 615 1206 sequuntur
631 1148 695 1195 terni
712 1146 847 1213 Glycnnei‚
866 1149 910 1198 sed
923 1151 940 1198 ii
959 1151 1035 1211 teies,
1053 1164 1081 1201 nt

12 1268 15 1283 Ι
59 1229 101 1279 pro
113 1215 173 1263 basi
187 1213 334 1262 annorusin
346 1211 487 1276 praefixam
499 1212 609 1262 habeant
620 1229 653 1262 ex
662 1229 712 1263 una
724 1214 802 1280 ionga
815 1216 920 1279 syllaba,
933 1218 958 1266 iu
972 1217 1022 1267 fine
1034 1234 1079 1268 au-

12 1306 15 1327 ÷
59 1291 103 1330 tem
119 1282 258 1331 adiectam
281 1279 365 1328 thesin
383 1279 600 1342 monosyllabum
619 1293 671 1329 tum
684 1282 876 1346 Pherecrateus,
894 1300 940 1348 pru
951 1286 1007 1334 basi
1020 1289 1079 1335 item

12 1332 16 1403 i
59 1351 197 1399 immin
213 1348 318 1397 habens
330 1347 375 1409 (cf.
388 1346 455 1395 inira
466 1363 507 1394 vv.
520 1348 691 1410 432-435.);
711 1360 814 1400 octavus
828 1367 915 1400 versus
930 1364 969 1402 est
981 1368 1012 1401 ex
1024 1368 1079 1403 rno-

12 1410 16 1481 ἰΙ
59 1426 170 1467 nometro
191 1415 331 1466 trochaico
351 1414 568 1479 hypercatalecto;
592 1428 645 1464 tum
662 1416 818 1480 Glyconeus,
836 1431 860 1469 et
878 1419 932 1468 basi
950 1434 1037 1470 carens
1054 1431 1079 1470 et

12 1492 14 1523 ;
57 1485 189 1546 mastusi3
212 1483 334 1533 decimus
351 1481 497 1544 Glyconeus
514 1483 627 1532 eiusdem
649 1487 750 1548 generis
772 1498 848 1548 etque
865 1486 900 1534 illi
917 1490 1077 1552 superiores;

12 1608 14 1619 Ι
57 1553 168 1615 itemque
180 1551 355 1607 undecimus,
369 1551 420 1599 nisi
433 1551 501 1612 quud
515 1551 540 1598 in
553 1550 603 1599 fine
614 1552 727 1601 adiectus
740 1564 778 1602 est
790 1552 915 1617 Creticum
933 1567 1077 1619 postremus

56 1630 155 1670 constat
167 1634 205 1669 ex
217 1619 327 1682 integro
339 1616 469 1680 Glyconeo
482 1628 507 1666 et
517 1618 611 1671 iambo,
637 1619 765 1684 Epodus
783 1623 808 1669 in
826 1621 875 1669 flne
888 1621 1077 1671 Pherecratem„

58 1686 141 1745 huben
160 1698 284 1736 ceterum
297 1700 387 1734 versus
401 1686 456 1733 eins
471 1685 555 1749 modi,
568 1700 634 1747 quos
645 1686 790 1746 frequenter
801 1704 857 1737 cum
870 1687 1004 1751 Glyconeis
1017 1704 1077 1738 oon-

11 1780 13 1819 i
56 1757 149 1805 sociari
160 1754 292 1804 videas.“
310 1751 497 1816 Pilugkius,
511 1753 555 1815 qui
568 1755 678 1802 tironum
690 1770 769 1803 causa
778 1755 842 1803 hanc
854 1755 962 1804 sormam
975 1769 999 1805 et
1011 1768 1076 1806 stro-

11 1826 14 1869 ζ
55 1823 162 1889 pharum
178 1832 206 1872 et
218 1819 301 1885 epodi
315 1819 461 1884 discripsit:

56 2852 144 2901 ira-are
157 2853 185 2899 in
198 2849 281 2900 verba
293 2850 418 2912 mapietrt',
432 2850 448 2897 i.
463 2864 485 2898 e.
497 2862 547 2896 non

57 2918 176 2997 addietus
205 2918 296 2965 iurare
322 2918 348 2964 in
370 2918 446 2965 verba
471 2915 547 2964 ullius

58 2996 186 3049 magistri.

97 3085 130 3134 V.
147 3087 203 3135 146.
232 3080 321 3134 τίδὲ
337 3100 393 3148 μοι
413 3082 474 3147 ζῆν
496 3078 547 3134 ἔτι

61 3147 222 3219 septing]
243 3151 311 3200 Vide
328 3151 392 3201 infra
405 3152 438 3199 nd
451 3167 473 3202 v.
487 3154 546 3204 793.

92 3254 124 3304 V.
156 3256 216 3304 147.
253 3250 456 3303 ααταλνσαί
486 3249 544 3319 αν]

60 3320 235 3387 Psingirius
266 3322 424 3384 comparavit
473 3336 507 3384 up
529 3320 545 3371 l.

61 3392 136 3441 1⁰03.
147 3378 487 3448 dsffltdavuawitinovn’
512 3404 546 3450 μ·

58 3457 175 3523 soldos
196 3453 297 3521 βίοτον
319 3447 426 3513 αἰῶνός
447 3470 478 3504 τε
493 3446 545 3504 τό·

60 3540 151 3583 vone„
195 3523 370 3576 Elmsieius
414 3522 544 3585 Euripidis

60 3591 154 3658 imgm.
168 3593 218 3644 ine.
237 3589 294 3642 CX.
309 3587 345 3654 [u.
364 3591 422 3639 984.
441 3605 467 3653 p.
485 3591 542 3638 529.

61 3655 174 3725 Nauck]
207 3654 236 3709 el
259 3651 291 3707 di
313 3656 420 3707 θανεῖν
448 3651 543 3719 θέμις,

60 3714 115 3778 ride
128 3727 238 3778 θανεῖν
255 3717 360 3788 καλόν,
380 3719 421 3782 εἰς
438 3715 544 3789 ἀρετὰν

59 3790 318 3857 ιαταλνσαμένονς
330 3791 404 3858 βίον.
427 3801 544 3865 recteque

61 3864 195 3913 adnotavit
216 3862 326 3910 tironum
349 3874 425 3908 causa
444 3857 543 3924 βιοταν

6 3980 10 3993 ,
62 3942 110 3980 itm
135 3946 152 3979 n
178 3926 402 3993 ααταλνσαίμαν
430 3943 504 3988 quam
529 3942 544 3974 a

62 3995 242 4063 προλιποῦσα
255 3997 319 4060 regi.
332 3993 399 4043 coni.
413 4010 478 4056 quae
490 3995 544 4043 dixi

64 4066 234 4198 iiiigiiit
248 4062 544 4191 iiiiititiittff‘i‘i

599 2861 695 2910 tamen,
719 2850 831 2911 incuria,
853 2851 957 2913 opinor,
975 2864 1074 2899 comme

598 2928 657 2980 post
684 2914 904 2978 καταλασαίμαν
929 2918 1073 2976 retinuerat,

598 2984 668 3043 quud
692 2992 794 3029 arteture
819 2981 970 3030 Elmsieio
999 2984 1073 3030 etiam

598 3052 630 3099 A.
644 3047 796 3096 Matthiae
808 3046 861 3096 tolli
872 3049 990 3100 iusserat.

632 3117 664 3164 V.
679 3117 735 3166 149.
748 3104 946 3181 ἅιεςΓἏιες·
960 3106 1073 3166 ἐπύθου

597 3183 782 3247 Hesychius.
812 3183 838 3231 Id
858 3193 940 3232 utrum
958 3183 1073 3233 adhunc

597 3253 680 3301 locum
697 3266 729 3299 an
746 3251 779 3300 ad
797 3251 899 3316 Hippoi.
913 3253 970 3301 362.
995 3253 1074 3316 perti-

597 3331 655 3368 neat
671 3321 793 3367 intertum
812 3331 857 3369 est.
889 3318 1003 3368 Ceterum
1021 3319 1072 3367 Di-

596 3388 664 3450 dym
672 3402 719 3437 ns.
734 3388 806 3435 cuius
818 3386 894 3435 verba
906 3386 1073 3437 adfertSchu·

595 3455 696 3515 nastes,
713 3453 776 3502 haec
794 3455 856 3504 itan
873 3453 950 3504 choro
966 3454 1073 3503 (1ίείνο-

595 3521 649 3573 luit,
664 3531 755 3569 utnon
768 3522 800 3569 ad
812 3523 869 3585 ipsa
883 3523 995 3571 numina.
1008 3536 1073 3581 qno·

594 3604 650 3637 rum
663 3590 766 3635 nomina
776 3588 895 3651 deinceps
904 3588 1071 3651 appellantur,

594 3657 657 3704 haec
669 3669 720 3702 vox
735 3644 797 3712 ἄνες
810 3662 1009 3714 converteretur,
1026 3655 1072 3704 sed

594 3724 730 3788 pertineret
746 3721 778 3769 nd
796 3720 910 3786 singulas
928 3721 997 3771 chori
1014 3737 1072 3787 per-

594 3806 682 3851 sonas,
696 3789 772 3837 veiuti
784 3790 809 3837 iu
822 3789 928 3853 Hippoi.
943 3790 958 3838 i.
973 3805 995 3840 e.
1009 3789 1072 3839 diei-

594 3871 633 3908 tur
648 3849 710 3914 ἄιες
720 3845 755 3906 (ὅ.
768 3850 865 3915 ἔκλαες
875 3844 897 3907 ci
909 3848 1072 3922 ἀνήκουστα

594 3924 645 3984 τᾶς
676 3916 819 3989 τυράννου
851 3919 952 3975 πάθεα
985 3920 1071 3990 μέλεα

594 3987 770 4057 θρεομέναςς
788 3994 871 4054 Atque
888 4008 936 4057 ego
953 3993 1070 4042 existimo

594 4062 648 4111 iure
666 4061 713 4109 hoc
725 4063 756 4109 ab
775 4060 817 4109 illo
833 4061 993 4126 propositum
1006 4076 1071 4114 esse,

595 4130 733 4190 eademque
745 4129 809 4177 ratio
823 4138 861 4176 est
871 4130 944 4176 etiam
957 4126 1070 4176 inOrest.

827 4210 870 4272 3*
