2588 4574
218 230 261 293 26
586 227 862 279 EURIPIDIS

635 377 813 430 ΤΡΟΦΟΣ.
856 395 857 399 ’

219 451 436 542 ἀπωλόμεσθ’
453 450 520 543 ἄρ’,
539 458 571 522 εἰ
584 449 687 520 κακὸν
704 458 926 540 προσοίσομεν

220 546 299 627 νέον
317 560 445 647 παλαιῷ
455 607 465 643 ,
482 555 563 645 πρὶν
580 553 639 622 τόδ
647 552 654 578 ’
676 554 914 640 ἐξηντληκέναι.

580 681 870 734 ΠΑΙΔΑΓΩΓΟΣ.

220 756 304 848 ἆταρ
323 756 366 826 ου’
383 756 431 845 γ’,
450 754 491 826 οὐ
509 755 575 847 γάρ
593 754 707 846 καιρὸς
726 757 851 824 εἰδέναι
867 754 944 823 τόδε

221 861 419 947 δέσποιναν,
436 856 579 947 ἡσύχαζε
595 857 652 925 καὶ
671 864 750 943 σίγα
768 856 878 943 λόγον.
901 922 904 927 ,

636 986 817 1037 ΤΡΟΦΟΣ.

222 1054 248 1131 ὦ
265 1061 369 1148 τέκν’,
387 1058 525 1129 ἀκούεθ’
546 1055 615 1140 οἶος
633 1066 681 1139 εἰς
698 1057 785 1147 ὑμᾶς
803 1057 928 1148 πατήρς

222 1162 330 1232 ὄλοιτο
348 1162 410 1251 μὲν
426 1161 486 1251 μή·
515 1160 677 1248 δεσπότης
695 1160 761 1251 γάρ
781 1158 848 1230 ἐστ’
870 1158 965 1247 ἐμός·

166 1261 169 1273 ’
222 1261 307 1354 ἀτὰρ
323 1263 425 1343 κακός
442 1261 477 1350 γ’
498 1260 547 1332 ών
564 1269 612 1343 εἰς
629 1269 750 1350 φίλους
769 1260 946 1331 ἁλίσκεται.

579 1392 867 1444 ΠΑῙΔΑΓΩΓΟΣ.

221 1474 273 1547 τίς
292 1464 326 1535 δ’
341 1463 420 1554 οὐχὶ
436 1470 590 1552 &vocam
606 1463 680 1555 ἄρτι
696 1465 890 1552 γιγνώσκεις
908 1462 998 1549 τόδε,
1202 1477 1236 1528 85

289 1697 322 1750 V.
335 1699 376 1748 80.
395 1688 462 1747 τόδε
474 1695 561 1745 BGed
573 1688 644 1748 τάδε
655 1696 681 1745 Β
695 1693 738 1762 [0]
752 1695 898 1761 Scriptor
910 1693 1004 1744 Ghn'sti
1016 1701 1069 1758 pat.
1084 1693 1160 1742 1241.

290 1765 323 1816 V.
335 1765 377 1814 82.
396 1757 472 1830 ἡμᾶς
483 1763 543 1814 BG.

290 1833 323 1884 V.
337 1834 377 1885 84.
395 1824 485 1890 κακδς
497 1821 537 1882 ών
548 1829 620 1880 BGE
633 1821 799 1897 acrimontis
811 1822 839 1897 γ’
853 1818 893 1881 <iv
904 1828 930 1878 B
943 1825 987 1895 [Ο]
1000 1827 1134 1877 emendati.

290 1900 322 1949 V.
335 1901 377 1950 85.
396 1891 544 1965 γινώσκεις
561 1906 568 1951 t
574 1916 615 1965 γρ.
633 1895 685 1949 καὶ
701 1891 833 1965 γινώσκει
851 1899 882 1946 ab
896 1897 984 1945 eadem
1001 1895 1088 1956 manu)
1102 1893 1131 1942 B.
1153 1885 1237 1960 γινώ-

223 1981 301 2024 σκεις
314 1966 358 2016 GE
371 1967 427 2015 aod
441 1967 462 2017 0
478 1961 609 2031 γινώσκει
625 1965 660 2016 B.
690 1965 903 2015 ScholIastes:
929 1951 1019 2020 οὕτως
1037 1954 1239 2026 ἀναγνωστέον

224 2033 291 2092 ετίς
310 2025 339 2083 δ’
357 2026 437 2112 crist
450 2031 624 2098 θνητών;’
646 2030 696 2083 καὶ
717 2027 857 2082 στικτέον.
877 2025 939 2081 εἶτα
961 2021 1018 2080 ἀπὸ
1040 2020 1130 2094 ἄλλης
1147 2019 1238 2094 ἀρχῆς

224 2091 513 2166 ’ἄρτι-γινώσκεις
525 2091 587 2150 τόδ
594 2103 631 2151 ε’.
655 2093 702 2149 διὸ
714 2092 847 2216 nortberto}
860 2097 911 2148 τοῦ
924 2111 940 2147 o
951 2091 1104 2164 γραπτέον,
1119 2091 1183 2147 οἷον
1195 2095 1239 2154 τίς

223 2164 275 2220 οὐκ
289 2162 347 2218 ἔστι
360 2160 498 2246 κακδςηελς
508 2166 626 2285 μίλτος,
637 2159 699 2216 εἶτα
708 2158 760 2217 τὸ*
934 2221 948 2244 Ἃ

525 2226 632 2314 ancoris
649 2234 759 2312 μᾶλλον
777 2232 914 2298 φιλοῦσιν
931 2226 1027 2298 neoris
1040 2227 1137 2290 πέλας.
1164 2225 1194 2281 ολ
1205 2226 1238 2282 δὲ

224 2227 289 2317 ᾅρτι
304 2229 429 2302 ἔγνωκας
447 2242 501 2314 οτι,

793 2183 846 2230 ρτι
859 2158 1041 2232 γινώσκεις
1054 2156 1161 2226 τάδε’,
1175 2159 1238 2214 οἷον

222 2299 375 2367 νποκριταὶ
387 2300 470 2352 τοῦτο
483 2315 675 2368 αγνοησαντες
688 2317 719 2351 το
732 2300 783 2366 τῆς
796 2293 1017 2367 ἄντιδιαστολῆς
1029 2293 1239 2364 μετατιδέασιν

223 2367 264 2430 εἰς
276 2367 309 2421 τὸ
322 2369 389 2428 ’τίς
402 2360 432 2420 δ’
446 2361 792 2436 οώγλθνητῶντοντο
805 2360 965 2436 γινώσκει
979 2365 1126 2432 naonis?

257 2574 290 2627 V.
303 2575 345 2623 79.
365 2564 631 2638 ἐξηντληκέναι]
655 2570 704 2620 Ea-

223 2641 280 2690 dem
292 2639 442 2705 metaphora
454 2638 536 2688 Latini
555 2639 704 2687 exhauri-

223 2724 268 2771 re,
288 2706 458 2756 exanclare
482 2706 619 2758 iabores.
644 2707 704 2755 Vid.

223 2774 328 2825 Davis.
342 2774 375 2824 ad
392 2772 444 2826 cic.
455 2773 531 2823 Tusa
545 2775 561 2822 1.
575 2775 619 2825 49.
643 2774 703 2822 Eu·¹

223 2844 341 2908 ripidis
366 2841 458 2891 Troad.
473 2843 533 2892 433.
558 2837 629 2892 δέκα
651 2833 706 2910 γὰρ

154 2970 156 2974 ⁴
223 2901 368 2975 ἆντλήσας
385 2904 433 2975 ἔτη
451 2908 480 2971 (i.
494 2925 514 2959 e.
527 2910 612 2959 decern
626 2924 707 2959 anno-

223 2993 279 3027 rnm
296 2977 425 3027 laboribus
448 2975 603 3042 exhaustis).
629 2972 707 3043 Πρὸς

224 3049 316 3097 τοῖσιν
328 3037 435 3097 ἐνθάδ’
449 3043 542 3108 ἵξεται
554 3039 641 3112 μόνος
653 3039 705 3095 ποί-

224 3130 302 3178 τραν.
316 3128 439 3162 rrcnox.
457 3114 533 3162 Recte
544 3114 581 3160 Fr.
594 3113 705 3160 Iacob-

225 3180 706 3243 siusadnotavitimaginemsumptam

224 3263 282 3297 esse
293 3248 325 3296 de
337 3248 441 3311 navigio
459 3247 534 3295 undis
552 3261 597 3309 per
609 3255 706 3308 tempe-

224 3324 316 3364 statem
328 3315 432 3378 impleto
451 3313 576 3374 novisque
588 3311 706 3359 fluctibns

224 3383 418 3432 succedentibus
458 3381 503 3428 vix
547 3378 706 3428 sustinendo.

225 3448 298 3499 Cani.
313 3451 364 3498 ion.
377 3450 435 3501 927.
453 3439 558 3497 Κακῶν
574 3439 627 3511 γὰρ
643 3435 707 3510 ἄρτι

224 3508 293 3582 κῦμ’
316 3510 499 3578 ὑπεξαντλῶν
522 3509 607 3578 φρενὶ
630 3507 707 3577 Πρώ-

224 3585 340 3664 μνηιζεν
357 3577 435 3647 αἱρεῖ
449 3577 480 3645 μ’
499 3571 569 3631 ἄλλο
587 3580 644 3631 σῶν
662 3572 707 3632 λό-

224 3668 282 3718 γιον
294 3666 360 3701 νπο.

258 3718 290 3765 V.
303 3719 345 3768 83.
364 3707 483 3767 ὄλοιτο
500 3710 561 3781 μὲν
578 3708 633 3782 μή]
655 3716 707 3766 Ab·

226 3786 350 3834 erraveris
365 3799 380 3833 a
397 3782 508 3834 Graecae
531 3785 654 3833 orationis
672 3785 706 3843 vi,

755 2581 822 2631 tans,
841 2586 916 2634 quem
932 2570 1019 2636 impiis
1037 2570 1103 2619 votis
1125 2568 1238 2633 petitura

756 2651 817 2699 erat,
830 2639 944 2704 linguam
957 2647 1054 2688 coercet
1065 2647 1090 2686 et
1101 2636 1239 2685 lenioribus

756 2708 839 2757 verbis
852 2707 985 2772 perfidiam
1003 2707 1056 2754 eius
1069 2703 1240 2770 reprehendit.

756 2775 911 2824 Vernacule:
929 2773 1025 2823 Fluch
1038 2772 1099 2821 ihm
1112 2798 1144 2807 -
1157 2770 1240 2820 doch

757 2839 1242 2900 nein3dennmeinGebieterist

758 2925 789 2959 er
812 2909 900 2959 doch.
937 2906 975 2960 Cf.
1008 2907 1170 2956 Hermann.
1206 2905 1241 2954 ad

757 2976 838 3043 Soph.
856 2976 946 3026 Traoh.
964 2976 1021 3026 382.
1044 2988 1168 3024 renuam.
1196 2972 1241 3021 Di-

757 3046 822 3094 citur
833 3045 895 3094 iiiud
906 3054 989 3094 tamen
1003 3045 1028 3091 in
1038 3042 1132 3092 Graeca
1146 3043 1241 3090 oratio-

757 3129 788 3161 ne
805 3113 882 3176 pauio
899 3112 980 3160 lenius
1001 3123 1078 3170 quam
1098 3109 1243 3158 imitatione

757 3178 909 3228 Germanica
931 3193 946 3225 a
969 3175 1121 3238 Pslugkio
1144 3173 1242 3224 factum

758 3255 805 3294 est.
824 3244 871 3292 Est
887 3243 996 3308 proinde
1012 3241 1188 3302 quasi-Latine
1201 3243 1241 3291 di-

758 3326 816 3360 eas:
835 3309 901 3359 Non
919 3323 1034 3375 precor
1050 3310 1189 3373 quidem,
1208 3320 1242 3360 ut

758 3388 880 3442 pereat;
917 3379 1062 3427 dominus
1088 3377 1167 3425 enim
1192 3388 1242 3427 est

758 3460 856 3508 mens3
881 3460 986 3497 verum
1011 3447 1241 3510 tamenpessi-

758 3526 825 3563 mus
839 3529 913 3579 erga
929 3515 1047 3563 amicos
1061 3512 1240 3578 deprehen-

758 3582 849 3632 ditur.

792 3639 1240 3714 Ἶ.85.τίςδόώχλθνητῶν;

759 3706 837 3784 ἅρτι
850 3707 1052 3782 γιγνώσκεις
1069 3709 1149 3766 τόδε
1166 3709 1238 3782 κτὲ.]

759 3783 833 3843 Quis
858 3799 931 3833 vero
955 3798 1016 3833 non
1038 3783 1239 3834 mortalium?

226 3853 249 3900 si
272 3851 403 3917 deprecari
425 3851 466 3899 his
483 3852 567 3900 verbis
585 3852 707 3902 nutricem
758 3851 844 3900 Nune
861 3851 981 3901 demum
1005 3853 1158 3917 agnoscis
1183 3851 1240 3899 hoe

225 3918 320 3968 maium
344 3921 375 3968 ab
399 3921 490 3969 Iasone
513 3929 603 3984 putes:
629 3922 706 3968 immo
756 3920 807 3967 -λ
830 3919 915 3970 Oratio
932 3919 995 3969 haec
1011 3921 1111 3968 brevior
1128 3930 1152 3968 et
1163 3917 1240 3968 vehe'-

225 3987 405 4052 dignissimum
423 4003 490 4046 eum,
508 3989 552 4050 qui
568 3987 646 4037 exitio
663 3987 708 4037 de·
756 3989 866 4037 mentior
889 3988 992 4053 egregie
1017 4001 1160 4037 sermonem
1184 3987 1239 4035 eius

226 4055 517 4116 voveatur,indicat‚sed
526 4056 614 4105 eadem
623 4065 707 4104 tamen
757 4055 828 4104 modi
851 4055 997 4114 hominum,
1027 4055 1114 4117 quales
1138 4053 1190 4103 iere
1213 4053 1241 4102 hi

226 4123 357 4173 dominnm
377 4123 448 4172 illum
466 4139 524 4172 esse
544 4138 619 4172 suum
635 4124 706 4189 cogi-
756 4122 1024 4189 paedagogifuerunt,
1036 4122 1156 4181 Imitatur,
1174 4130 1241 4171 recte
