2566 4574
502 1076 932 1148 Emendanda.

215 1296 340 1350 Prooem.
357 1314 382 1363 p.
401 1298 426 1350 9.
446 1313 470 1347 v.
489 1297 531 1350 28.
550 1301 608 1362 lege
627 1295 743 1362 ‘repre·’.

339 1383 364 1432 p.
383 1368 418 1432 ig.
437 1383 461 1416 v.
481 1367 523 1419 22.
543 1367 600 1432 lege
615 1363 736 1418 ‘fabulae’
757 1382 805 1431 pro
820 1365 950 1420 ‘fadulne'.

130 1496 134 1505 Ι
212 1436 307 1488 Adnot.
329 1439 384 1490 crit.
410 1452 434 1501 p.
453 1435 495 1487 33.
515 1434 549 1486 ad
568 1450 592 1483 v.
611 1434 654 1489 46.
675 1437 732 1501 lege
748 1433 820 1486 ‘Bc‘
840 1452 888 1501 pro
903 1435 986 1488 ‘Bch

415 1523 440 1572 p.
458 1505 501 1558 35.
523 1503 556 1555 ad
575 1520 598 1553 v.
617 1504 659 1558 64.
681 1508 738 1571 lege
751 1503 822 1555 ‘Bc‘
842 1521 890 1571 pro
906 1504 988 1557 ‘BC‘.

415 1593 440 1642 p.
461 1575 504 1628 58.
522 1573 555 1626 ad
574 1589 597 1627 v.
618 1575 680 1628 246.
699 1577 757 1640 lege
771 1572 816 1627 ‘G’
836 1592 883 1640 pro
900 1574 953 1629 ‘C’.

414 1663 440 1712 p.
460 1645 502 1698 63.
520 1644 553 1695 ad
573 1659 596 1692 v.
615 1646 673 1700 294.
695 1647 753 1710 lege
769 1641 812 1696 ‘C'
832 1661 879 1710 pro
898 1644 950 1696 ‘C'.

211 1715 277 1768 Adn.
297 1731 370 1781 exeg.
388 1733 413 1782 p.
432 1715 474 1768 72.
495 1730 518 1766 v.
538 1713 563 1766 3.
583 1714 641 1776 lege
659 1719 760 1780 φρονῶν
778 1729 825 1780 pro
844 1718 954 1779 φρονῶν.

212 1785 299 1837 Adnot
317 1789 373 1838 crit.
392 1804 416 1853 p.
436 1785 477 1838 77.
497 1783 529 1834 ad
549 1798 571 1832 v.
589 1783 649 1837 456.
670 1787 727 1849 lege
743 1781 786 1832 ‘B'
806 1798 853 1849 pro
868 1782 921 1835 ‘B‘.

210 1854 275 1907 Adn.
294 1872 372 1924 exeg.
393 1872 417 1921 p.
435 1854 477 1906 90.
493 1871 518 1905 v,
538 1853 579 1906 14.
599 1855 657 1918 lege
672 1851 895 1904 ‘Lobeckium'
921 1871 968 1921 pro
995 1854 1244 1924 ‘Loqeckiumt

549 3951 567 4009 E
585 3952 606 4010 n
623 3949 640 4007 F
659 3951 675 4010 0
694 3952 714 4008 R
732 3951 753 4008 Ι)
771 3950 785 4008 Ι
802 3952 822 4009 Δ
839 3952 873 4020 E,

284 4052 424 4106 FORMIS
445 4052 749 4109 DESCRIPSERUNT
775 4050 962 4111 HENNINGS
980 4057 1003 4109 ἃ
1024 4058 1136 4116 HOPF.
1221 4034 1226 4040 .
