2566 4574
225 244 246 307 2
595 243 873 295 una11³1n1s

303 397 436 470 Αὐτίκα
454 398 487 467 δ’
507 409 641 469 Αἴσονα
657 404 744 486 θῆκε
761 407 863 488 φίλον
880 397 984 487 κόρον
1002 397 1167 486 ἡβιόοντα,

303 507 409 589 γῆρας
428 498 625 582 ἄποξύσασα
646 505 775 590 ἰδυίῃσι
793 506 1009 588 πραπίδεσσι,

303 601 463 691 φάρμακα
481 596 582 670 πόλλ’
603 598 722 682 ἔροιτό
744 601 799 669 ἐπὶ
816 608 1000 688 χρυσείοισι
1018 601 1161 687 λέβησιν.

228 702 398 792 Αἰσχύλος
429 699 462 772 δ’
491 705 527 771 ἐν
556 716 630 781 ταῖς
654 700 829 772 Διονύσου
854 717 992 791 τροφοῖς
1019 706 1161 790 ίστορεί,
1193 699 1249 769 ότι

194 805 285 875 sual
308 803 368 884 τὰς
394 803 567 874 Διονύσου
592 802 741 892 τροφούς
766 801 941 891 μετὰτῶν
966 797 1104 890 ἀνδρῶν
1128 798 1245 869 αὐτῶν

228 903 425 992 ἆνεψησασα
453 907 655 991 ίνεοποίησε.
700 904 879 992 Στάφυλος
904 904 945 971 δέ
965 924 1068 992 φησιν
1090 899 1157 971 ύπό
1183 907 1245 989 τῆς

228 1011 382 1093 Μηδείας
407 1004 466 1074 τόν
480 1004 613 1076 Ἰάσονα
635 1005 761 1094 τρόπον
787 1003 862 1073 τινα
886 1002 1120 1093 ἀναιρεθῆναι·
1149 1006 1245 1090 ἐγκε-

228 1107 414 1176 λεύσασδαι
437 1106 503 1196 χοὶρ
523 1104 632 1194 αύτην
650 1105 760 1186 οὕτως
786 1104 855 1174 ύπό
874 1111 916 1195 τῇ
935 1104 1072 1193 πρύμνη
1090 1110 1148 1190 της
1164 1102 1242 1192 Ἀρ·

227 1214 310 1294 χούς
330 1206 461 1298 [αὐτόν]
480 1213 779 1296 κατακοιμηθῆναι,
797 1206 984 1295 μελλούσης
997 1211 1056 1292 της
1069 1204 1154 1284 νεοδς
1169 1209 1246 1272 δια-

178 1325 210 1378 10
228 1309 372 1378 λύεσθαι
396 1306 465 1377 ύπό
490 1315 552 1378 τού
570 1308 711 1398 χρόνου·
744 1307 951 1397 ἐμπεσούσης
974 1312 1060 1392 γοῦν
1077 1311 1135 1392 τῆς
1154 1304 1243 1394 πρύ-

227 1438 312 1498 μνης
329 1417 378 1501 τῷ
392 1407 533 1498 Ἰάσονι,
551 1415 746 1496 τελευτῆσαι
764 1407 880 1477 αὐτόν.

228 1593 431 1602 ——1-

229 1724 305 1773 quam
325 1711 435 1773 agiam
453 1708 678 1765 Troezeuinm‚
697 1709 769 1756 euius
787 1709 899 1769 quinque
912 1699 1033 1758 Νόστων
1044 1704 1101 1753 libri
1114 1704 1194 1753 luisse
1206 1705 1248 1752 ‹li-

229 1787 328 1833 cuntur,
342 1777 373 1824 de
387 1791 437 1838 quo
451 1776 538 1824 videas
551 1775 582 1823 R.
596 1769 718 1824 Stiehle
730 1775 754 1823 in
768 1775 860 1824 Philol.
872 1775 940 1824 Vlll‚
953 1789 980 1838 p.
993 1775 1024 1823 51
1039 1788 1088 1834 sq.‚
1100 1773 1185 1836 ipsunt
1199 1786 1247 1835 ap-

228 1844 336 1908 pellare,
355 1844 416 1904 quia
434 1844 476 1892 alii
494 1852 611 1891 auctores
629 1844 679 1907 ipsi
696 1842 806 1891 Homero
824 1835 944 1893 Νόστων
961 1841 1038 1889 libros
1056 1840 1166 1889 tribuere
1179 1839 1246 1887 sole-

227 1912 296 1960 bant.
322 1910 451 1959 Habentur
463 1920 547 1959 autern
560 1920 611 1959 tres
625 1912 667 1971 qni
681 1910 802 1974 deinceps
819 1908 938 1974 leguntur
951 1908 1042 1972 Cycliei
1058 1907 1177 1956 carminis
1191 1922 1248 1954 ver-

229 1994 273 2027 sus
293 1979 367 2025 etiam
386 1980 412 2027 in
431 1974 542 2026 Selroliis
560 1977 594 2026 ad
610 1976 792 2041 Aristophanis
810 1976 894 2036 Equit.
909 1977 994 2035 1318„
1013 1976 1081 2024 unde
1093 1973 1236 2038 sumpsitP

229 2044 417 2102 Elmsleius,
432 2044 502 2105 quod
514 2059 590 2091 versu
603 2043 682 2091 altero
696 2044 812 2108 reposuit
824 2035 993 2104 ἄποξύσασα
1006 2038 1116 2108 ίδνίησι
1129 2056 1176 2106 pro
1190 2041 1248 2088 vul-

229 2120 290 2175 gato
304 2101 465 2171 ἄποξύσασ’
480 2105 614 2188 είδυίχσι.
626 2111 710 2159 Versu
720 2110 812 2159 deindo
824 2111 899 2158 tertio
913 2109 942 2159 G.
951 2110 979 2159 H.
994 2108 1188 2158 Schaelerus
1203 2100 1249 2158 ἐνὶ

1099 2192 1106 2214 ί

229 2173 1246 2308 ttttt‘tttillitittltltttlttlll.ltili?lttthlhfttl·

297 2312 329 2359 V.
341 2314 366 2360 4.
386 2305 555 2377 Αἰσχύλος
569 2303 597 2361 δ’
612 2304 648 2362 ἑν
666 2305 935 2370 ταῑςΔιονύσου
947 2307 1105 2377 τροφοῖς]
1120 2310 1156 2359 De
1168 2311 1246 2358 huius

228 2377 329 2427 fabulae
341 2378 454 2440 reliquiis
468 2379 538 2438 ¹conl.
552 2380 629 2442 Aug.
643 2378 779 2427 Nanekii
800 2379 964 2442 Τναμίοοναυι
982 2380 1136 2428 Graecorum
1150 2378 1246 2441 frnpm.

229 2461 256 2510 p.
271 2447 302 2496 13
316 2462 355 2508 sq.
382 2446 420 2494 Ex
438 2448 484 2505 iis,
503 2461 568 2508 quae
585 2447 706 2510 deiureps
724 2447 748 2494 in
766 2445 815 2494 hae
827 2445 947 2508 Aeschyli
964 2444 1049 2494 tabula
1062 2456 1119 2494 acta
1132 2460 1190 2494 esse
1207 2445 1247 2493 di-

180 2558 183 2563 .
230 2524 329 2573 cuntur,
344 2511 371 2562 G.
387 2515 419 2563 Α.
435 2513 601 2577 Boettiger
618 2513 699 2562 luisse
713 2513 860 2562 hoodrama
874 2515 1012 2575 satyricum
1025 2522 1092 2561 recte
1104 2513 1248 2560 coniecisse

229 2582 330 2629 videtur
346 2581 423 2642 idque
440 2581 554 2629 eiusdem
573 2581 690 2644 trilogiae
710 2580 789 2630 luisse
802 2595 831 2628 ac
844 2579 959 2628 Semelen
973 2582 1003 2629 Α.
1018 2579 1178 2635 Nauelrius
1192 2581 1249 2628 inre

230 2663 273 2697 sus
296 2649 377 2696 leatus
390 2658 438 2696 est.

276 2663 329 2765 pV.
344 2716 367 2763 6.
388 2709 587 2780 Στάφυλος]
603 2713 793 2778 Staphylus,
808 2715 851 2776 qui
864 2713 1022 2764 Naucratites
1035 2715 1115 2763 luisse
1128 2714 1219 2763 dicitur
1233 2730 1248 2762 a

232 2780 1247 2847 ScholiasteApolloniiRhodiiadlib.l.580.p.334,27.ed.Merkel.‚

230 2850 261 2897 tle
273 2851 384 2910 antiquis
399 2861 423 2898 et
438 2849 563 2898 fabulosis
576 2850 733 2914 temporibus
750 2849 880 2898 rettulerat
892 2851 918 2897 in
930 2850 962 2898 iis
975 2849 1055 2909 libris,
1068 2864 1134 2911 quos
1148 2850 1180 2898 de
1192 2849 1248 2898 sin·

230 2917 297 2981 gulis
311 2918 385 2966 terris
398 2927 422 2966 et
434 2918 589 2981 civitatibus,
604 2932 711 2978 quarum
724 2933 764 2967 res
778 2918 915 2976 enarravit,
929 2917 1108 2981 appellaverat.
1126 2918 1162 2972 ld,
1177 2917 1248 2978 quod

229 2985 270 3033 hie
281 2983 397 3043 refertur,
412 3000 444 3033 ex
455 3001 540 3035 rerum
555 2985 756 3035 Thessaliearum
767 2985 847 3049 libris,
862 3000 970 3046 qnorum
983 2985 1083 3033 tertium
1098 2984 1248 3033 Scholia-

229 3063 296 3102 stes
311 3053 481 3117 Apollonii
495 3055 525 3101 ad
539 3053 582 3102 lib.
597 3054 650 3102 llll.
665 3054 725 3103 816.
742 3069 769 3118 p.
784 3055 841 3113 507,
858 3055 896 3102 14.
914 3054 954 3103 εδ.
969 3053 1071 3102 Merkel.
1085 3062 1109 3101 et
1120 3052 1201 3116 Harp
1213 3066 1247 3099 o·

230 3121 331 3168 oratio
350 3136 371 3170 s.
386 3136 410 3168 v.
424 3116 566 3170 Πενέσται
579 3131 787 3179 commemorant,
806 3131 936 3185 sumptum
955 3135 1011 3169 esse
1023 3121 1130 3168 videtur.
1156 3119 1193 3168 De
1206 3134 1248 3167 ee—

229 3187 290 3235 teris
308 3187 362 3234 eius
381 3188 514 3251 scriptoris
532 3187 603 3235 libris
621 3187 688 3235 conl.
708 3187 737 3236 G.
751 3188 771 3239 Ι.
784 3188 896 3236 Vossii
914 3187 957 3235 lib.
978 3189 1010 3235 (le
1024 3187 1080 3238 hist.
1096 3187 1187 3235 Graec.
1201 3186 1246 3235 lll.

229 3268 255 3316 p.
269 3254 328 3302 416.
345 3251 484 3318 [p.500sq.
499 3253 705 3315 ed.Westerrn.]‚
719 3255 762 3302 ubi
776 3255 842 3302 hune
853 3255 938 3315 ipsum
952 3252 1034 3301 locum
1049 3263 1073 3301 et
1086 3252 1248 3302 Solroliastae

229 3319 262 3367 ad
285 3320 464 3384 Aristophanis
486 3321 551 3370 Neo.
572 3323 646 3373 1064.
668 3321 762 3378 addas,
785 3332 808 3369 et
827 3322 871 3381 qui
888 3320 1031 3383 fragmenta
1048 3332 1249 3386 composuerunt

230 3385 382 3436 Miilleros
396 3389 421 3435 iu
434 3389 536 3469 Frapm.
550 3389 607 3438 tier.
623 3389 714 3438 Graec.
727 3388 779 3437 vol.
792 3387 847 3435 llll.
862 3403 888 3451 p.
903 3389 960 3437 505.

299 3453 413 3515 V.6sq.
433 3447 497 3504 ὑπο
515 3453 575 3519 τῆς
593 3453 756 3518 Μηδείας
773 3446 982 3505 τὸνἸοέσονα
1003 3453 1131 3518 τρόπον
1151 3448 1245 3521 τινὰ]

230 3519 299 3567 Ηεεο
314 3522 450 3569 verborum
468 3523 564 3601 positio
583 3523 608 3570 in
621 3521 650 3571 B.
671 3521 785 3570 habetur.
810 3522 896 3586 Vulgo
914 3522 1045 3586 legebatur
1062 3516 1111 3572 τὸν
1131 3513 1247 3573 Ἰοῖσονα

231 3579 336 3650 τρόπον
349 3581 415 3639 τινὰ
429 3580 484 3639 ύπο
498 3587 549 3655 τῆς
561 3587 707 3653 Μηδείας.
960 3643 968 3663 „

298 3655 330 3707 V.
344 3657 369 3706 8.
389 3649 453 3721 γὰρ
471 3648 559 3722 αὐτὴ
569 3675 585 3707 ν
603 3644 720 3721 οὕτως]
735 3658 772 3706 sie
784 3656 837 3704 lere
848 3655 914 3705 lihri.
940 3645 1027 3713 υύτως
1041 3657 1165 3706 editiones
1177 3665 1247 3705 vete-

228 3735 270 3768 res
283 3735 335 3769 non
347 3722 449 3773 hahent.

299 3789 332 3838 V.
347 3791 387 3838 10.
408 3781 637 3857 ἐμπεσούσης]
664 3790 718 3840 BG.
738 3781 927 3854 ἐπιπεσούσης
945 3791 1032 3855 vulgo.
1059 3791 1131 3840 Coul.
1146 3790 1246 3839 Scho-

228 3853 349 3905 liasten
363 3856 395 3904 ad
408 3856 482 3904 huius
496 3856 548 3908 lab.
561 3875 586 3907 v.
601 3859 675 3909 1387.
1115 3890 1118 3894 ·
