2566 4574
408 981 763 1066 PRAEFATIO.

136 1285 268 1366 Quum
312 1293 459 1370 tempore
503 1287 670 1370 superiore
713 1307 797 1350 anno
840 1286 937 1351 huius
974 1288 1096 1354 saeculi

54 1388 237 1453 XXXXI.
270 1386 440 1470 Euripidis
463 1385 615 1450 Medeam
642 1396 717 1471 post
737 1388 770 1452 b.
794 1387 940 1474 Pflugkii
963 1413 1097 1475 operam

53 1493 150 1556 inea
175 1489 306 1554 fabula
335 1487 527 1552 collocatam
553 1490 672 1552 iterum
701 1489 860 1554 edendam
888 1493 1095 1578 susciperem,

54 1592 86 1656 id
107 1594 200 1656 mihi
225 1591 274 1655 ab
296 1589 362 1653 illia
384 1591 479 1671 viris,
497 1612 646 1676 quorum
673 1592 867 1656 auctoritate
894 1593 957 1657 hoc
978 1616 1096 1659 munus

56 1714 280 1779 acceperam,
315 1701 526 1777 praeceptum
556 1701 642 1774 erat,
679 1701 716 1755 ut
743 1701 776 1756 et
805 1695 839 1756 in
867 1695 946 1777 ipsis
980 1705 1099 1780 poeitae

10 1812 12 1879 j
55 1795 169 1859 verbis
202 1794 448 1858 constituendis
475 1794 596 1859 iudicio
618 1792 716 1877 plane
743 1794 846 1857 libero
872 1803 982 1857 uterer
1009 1799 1096 1860 etin

10 1884 12 1895 ¹
57 1896 339 1962 adnotationibus
355 1894 562 1981 Pflugkianis
583 1893 753 1976 tollendis,
776 1894 958 1977 mutandis,
981 1897 1095 1983 ampli-

58 2001 202 2064 ficandis
226 2017 297 2061 non
318 1998 425 2061 minus
446 2018 598 2062 versarer
620 1996 781 2062 arbitratu
801 2017 884 2060 mec.
922 1999 996 2064 Hoc
1011 2001 1097 2064 enirn

59 2101 203 2165 consilio
235 2099 394 2163 dicebant
422 2099 489 2180 edi,
518 2107 556 2162 ut
583 2120 711 2164 omnem
733 2099 971 2164 Bibliothecam
995 2101 1097 2166 Grae-

59 2225 145 2283 cam,
180 2203 282 2264 cuius
312 2198 458 2264 edendae
493 2209 642 2265 auctores
675 2201 894 2282 exstitissent,
931 2203 977 2265 sic
1011 2203 1098 2268 hanc

60 2324 196 2391 quoque
220 2301 394 2385 Euripidis
416 2301 582 2384 fabulam,
605 2311 656 2383 ut,
686 2301 775 2388 quod
799 2324 928 2389 quoque
950 2312 1096 2390 tempore

58 2407 282 2470 verissimum
305 2413 337 2466 et
359 2405 518 2488 optimum
539 2409 645 2468 visum
668 2412 773 2485 esset,
802 2403 837 2468 id
863 2405 972 2489 ipsum
998 2404 1097 2470 lecto-

10 2562 12 2585 ,
58 2509 163 2587 ribuS,
191 2505 339 2568 maxime
362 2512 469 2568 aetate
483 2506 673 2587 minoribus,
698 2506 877 2586 offerretur,
901 2527 967 2569 non
988 2516 1096 2573 autem

58 2621 93 2674 ut
122 2606 352 2694 impediretur
373 2604 477 2671 libelli
499 2630 593 2687 usus,
623 2609 650 2672 si
673 2609 770 2672 etiam
791 2608 849 2671 illa
871 2609 1043 2674 tractanda
1065 2620 1097 2675 et

59 2709 302 2795 cognoscenda
317 2730 337 2772 a
351 2708 510 2772 tironibus
534 2719 651 2789 essent,
676 2731 760 2796 quae
775 2709 817 2772 ad
839 2708 1094 2795 intellegendam

59 2811 243 2898 Euripidis
266 2810 414 2874 fabulam
434 2810 516 2874 nihil
537 2811 687 2876 conferre
709 2833 842 2896 prorsus
867 2811 1065 2876 viderentur.

146 2911 230 2978 Hac
259 2912 339 2975 mihi
361 2933 515 2976 concessa
543 2910 695 2977 libertate
724 2921 756 2974 et
783 2911 915 2974 licentia
939 2933 999 2994 ego
1027 2922 1095 2975 turn

60 3018 105 3081 ita
129 3036 232 3079 eram
255 3034 352 3093 usus,
379 3021 416 3076 ut
438 3004 496 3093 ea,
520 3035 604 3098 quae
628 3034 688 3098 ego
716 3013 750 3076 in
772 3012 805 3078 b.
829 3010 976 3096 Pflugkii
999 3013 1097 3078 adno-

60 3120 191 3182 tatione
222 3125 282 3178 aut
310 3113 397 3178 falsa
424 3123 537 3200 aperte
565 3124 622 3179 aut
649 3124 737 3178 certe
765 3113 863 3200 plane
891 3112 1022 3178 inutilia
1054 3116 1096 3181 ad

61 3215 303 3304 explicandam
317 3216 403 3280 hanc
416 3215 563 3281 fabulam
579 3239 651 3281 esse
672 3215 919 3302 intellexissem,
943 3219 1012 3281 sine
1027 3218 1096 3282 ulla

10 3356 12 3361 ·
62 3319 279 3386 dubitatione
302 3316 459 3399 tollerem,
483 3320 511 3382 si
526 3317 657 3404 quidem
679 3315 759 3381 nihil
781 3316 858 3381 inde
880 3319 1031 3382 utilitatis
1054 3322 1096 3384 ad

61 3444 203 3487 causam
227 3420 346 3484 melius
361 3419 621 3504 cognoscendam
642 3418 825 3483 redundare
848 3430 968 3504 posset,
991 3442 1097 3503 pauca

10 3592 12 3603 ,
62 3536 180 3589 autem
210 3530 270 3585 aut
297 3520 378 3584 nihil
406 3523 476 3586 fere
497 3523 563 3586 nisi
586 3543 639 3601 ea,
667 3543 751 3606 quae
783 3529 839 3583 aut
866 3521 908 3583 ad
936 3541 1095 3603 gramma·

10 3638 12 3663 ²
62 3628 209 3691 ticorum
250 3624 420 3687 citationes
459 3625 674 3710 pertinerent,
712 3643 796 3707 quae
832 3623 1016 3686 necessario
1054 3624 1096 3686 ad

10 3730 13 3779 ἱ
60 3726 331 3793 recentissimam
353 3746 515 3812 quamque
538 3725 714 3790 editionem
736 3723 958 3787 immutandae
974 3730 1006 3786 et
1021 3746 1094 3809 sup-

60 3829 210 3915 plendae
241 3836 351 3907 erant,
388 3837 445 3892 aut
471 3841 555 3913 quae
585 3827 627 3890 ad
656 3846 837 3890 sermonem
872 3826 995 3911 ipsum,
1031 3846 1095 3910 quo

10 3928 12 3933 ’
61 3931 236 3998 interdum
258 3929 291 3992 b.
307 3927 483 4013 Pflugkius
506 3926 595 4006 haud
617 3929 696 3991 satis
720 3927 891 3991 emendato
914 3948 992 3990 usus
1016 3933 1095 4003 erat,

64 4038 275 4121 spectarent,
303 4031 338 4093 in
368 4031 436 4095 eius
459 4029 723 4096 commentariolo
745 4049 810 4092 non
834 4027 946 4092 addito
967 4026 1096 4090 nomine

62 4158 134 4201 meo
166 4132 385 4216 corrigerem,
419 4132 559 4217 plurima
587 4153 665 4196 vero
702 4130 828 4196 adiecto
863 4128 1001 4194 nominis
1031 4126 1100 4191 mei

411 4370 663 4466 633‘83
751 4320 763 4337 ·
