2588 4574
479 219 652 271 MEDEA.

55 377 160 448 πόσιν
177 381 256 468 δίκῃ
273 375 379 447 τῶνδ’
398 375 630 446 ἆντιτίσασθαι
646 383 761 446 κακῶν

55 479 119 550 τὸν
137 478 244 549 δόντα
260 477 291 547 τ’
311 476 404 570 αὐτῷ
422 477 583 567 θυγατέρ’
603 478 648 566 ήν
665 477 696 546 τ’
718 479 872 568 ἐγήματο,

127 712 161 764 V.
174 713 233 764 262.
252 708 321 777 δίκῃ
332 710 390 760 libri
406 720 513 775 excepto
524 711 558 772 ⁸d,
581 712 625 772 qui
643 708 728 777 δίκην
745 711 821 763 habet
837 723 925 764 natum
942 729 975 764 ex
987 713 1077 781 δίκηι,

58 791 86 829 ut
98 779 210 837 videtur,
224 779 251 827 id
264 779 333 840 quod
345 779 445 828 restitui
457 778 628 828 Elmsleius
641 780 735 828 iniuria
746 780 835 830 voluit.

127 847 161 901 V.
174 848 232 896 263.
252 838 342 896 δόντα
357 836 385 913 γ’
403 847 460 896 Bo.
477 836 514 911 ἥν
531 835 557 895 τ’
576 837 701 914 ἐγήματο
718 848 776 897 libri
792 863 849 897 curn
861 849 1036 900 Eustatlrio
1051 853 1077 899 in

55 914 86 966 ll.
99 913 150 964 vol.
162 914 182 962 1.
195 929 222 980 p.
236 915 293 972 694,
304 915 348 963 24.

58 1083 154 1133 viderit
182 1092 273 1133 taceat.
327 1081 364 1132 Gl.
394 1081 543 1148 Sophocl.

57 1151 152 1201 Electr.
176 1152 236 1202 468.
273 1164 396 1200 assues.
427 1149 544 1200 Schoe-

59 1216 544 1284 ninscomparatHoratiiart.poet.

59 1289 131 1346 200„
144 1287 189 1335 ubi
205 1287 232 1334 in
249 1286 321 1335 chori
337 1284 428 1335 officiis
445 1296 493 1351 est,
512 1295 545 1335 ut

59 1355 234 1403 commissa
250 1362 351 1419 tegat,
369 1353 402 1402 ad
420 1352 543 1416 quemlo-

57 1435 119 1471 cum
134 1421 194 1470 vide
218 1436 283 1483 qnae
303 1420 435 1471 adnotavit
453 1419 543 1470 Orel-

57 1488 122 1538 lins
134 1504 161 1555 p.
174 1491 233 1540 735.
246 1489 287 1542 ed.
300 1498 357 1538 tert.

92 1556 200 1610 V.2‘62.
226 1546 543 1634 πόσινᾶίκγγτῶνδ’

58 1615 320 1676 ῶντιτίσασθαι
336 1621 468 1689 κακῶν]
488 1624 545 1673 lure

57 1691 125 1743 mihi
150 1691 321 1756 Pllugkius
334 1739 337 1745 ,
350 1691 450 1741 videtur
477 1690 545 1758 δίκῃ

57 1760 129 1809 inre
144 1769 190 1808 ant
205 1760 250 1808 nti
271 1774 327 1823 par
343 1768 392 1808 est
408 1761 546 1809 retinuisse

58 1827 95 1888 id,
113 1827 185 1890 quod
197 1825 290 1876 chorus
307 1826 374 1877 inira
390 1843 417 1878 v.
429 1827 489 1881 268.
508 1829 545 1876 si-

57 1895 154 1944 militer
169 1896 330 1960 pronuntiat:
354 1885 473 1954 ἐνδίκως
490 1887 545 1961 γὰρ

59 1954 168 2014 ἐκτίσει
186 1953 280 2013 πόσιν.
297 1961 364 2012 coni.
379 1961 418 2012 So
447 1962 473 2015 h.
491 1964 545 2011 An-

58 2033 108 2097 tig.
128 2031 170 2083 94.
195 2021 287 2147 ἒγθὲἀ
309 2024 342 2082 δὲ
362 2027 402 2094 τῷ
419 1978 546 2082 dardan

57 2096 223 2162 προσκείσει
268 2096 324 2163 ίκγ.
351 2095 451 2164 δίκην,
476 2098 546 2160 quod

57 2175 164 2215 anctore
190 2165 342 2214 Elmsleio
369 2165 447 2232 vulgo
477 2181 546 2215 nnnc

57 2242 245 2300 reposuerunt,
274 2233 380 2282 minime
408 2235 545 2296 requiritur

57 2302 93 2352 ad
104 2302 251 2366 genetivum
275 2298 366 2352 τῶνδε
384 2300 483 2353 κακῶν
498 2317 545 2350 ex·

56 2368 207 2435 plicandum
238 2368 297 2418 vide
313 2368 439 2418 Homeri
454 2369 482 2418 Il.
501 2369 544 2421 ΙΙΙ.

55 2437 118 2489 666.
130 2422 149 2502 ή
162 2427 189 2486 τ’
202 2405 321 2514 ίφοίμην
330 2435 466 2488 τίσεσθαι
473 2427 544 2486 litt·

56 2501 188 2568 ξανδρον
202 2519 370 2570 κακοτητος.
396 2504 541 2553 Platonis

56 2571 167 2622 Gonviv.
184 2586 211 2637 p.
225 2571 317 2625 2161),
342 2562 416 2623 ἄλλα
433 2564 542 2622 τούτων

54 2636 112 2707 μὲν
134 2635 271 2698 εἰσαῦθίς
288 2652 320 2690 σο
336 2632 543 2706 τιμωρήσομαι.

54 2719 83 2758 et
100 2722 168 2771 quae
187 2707 264 2757 habet
283 2709 315 2758 Α.
336 2707 488 2757 Matthiae
504 2723 542 2774 gr.

54 2776 102 2828 Gr,
115 2774 195 2840 ampl.
207 2775 233 2838 §-
256 2775 298 2826 68.
309 2791 332 2828 a.
338 2776 433 2861 μ682.
442 2776 481 2826 ed.
491 2791 542 2827 sec.

92 2845 127 2894 V.
152 2845 213 2894 263.
247 2832 291 2909 ἥν
318 2859 334 2892 τ
375 2834 543 2910 ἐγήματο]

596 1091 664 1134 esset
675 1083 771 1134 dictum
782 1085 815 1134 de
823 1086 895 1148 viris,
908 1095 935 1135 ut
945 1087 1078 1152 significa-

595 1160 663 1200 retur
675 1167 720 1202 eos
733 1167 784 1201 non
798 1162 825 1202 ut
833 1154 914 1219 viros,
927 1156 970 1217 qui
980 1155 1079 1204 domini

595 1219 698 1268 aedium
715 1230 813 1279 essent,
836 1221 883 1270 sed
904 1232 931 1270 ut
947 1222 1077 1285 mulieres,

596 1301 661 1348 quae
673 1288 700 1336 in
711 1289 960 1352 potestatevirorum
970 1305 1027 1340 esse
1036 1291 1079 1339 de·

595 1354 699 1414 herent,
736 1356 927 1405 matrimonium
962 1359 1078 1417 inivisse,

596 1437 647 1470 non
664 1431 692 1470 nt
708 1423 864 1487 imperarent
879 1426 968 1484 uxori,
988 1425 1034 1475 sed
1050 1436 1079 1475 ut

596 1490 728 1553 servirent,
746 1493 772 1540 in
791 1506 869 1553 quam
885 1507 939 1541 rem
953 1492 1078 1543 Ammo·

596 1557 668 1606 nius
682 1573 703 1611 s.
715 1573 740 1607 v.
754 1557 844 1625 γήμαι
856 1575 883 1625 p.
896 1562 928 1611 36
941 1575 980 1622 sq.
994 1559 1078 1610 Ana-

596 1627 737 1675 creontis
756 1640 859 1676 versum
876 1636 901 1677 et
917 1628 1079 1694 Antipha-

597 1694 645 1741 nis
662 1691 752 1752 adlert,
770 1709 795 1744 v.
813 1694 860 1745 Th.
877 1695 990 1760 Bergk.
1009 1696 1079 1745 Ana-

596 1760 705 1810 creontis
734 1763 838 1812 carmin.
869 1762 959 1823 reliqu.
996 1760 1080 1828 (Lips.

598 1826 684 1889 1834),
701 1843 726 1877 n.
744 1829 785 1880 84.
802 1844 830 1893 p.
847 1831 897 1879 216
914 1845 980 1892 sqq„
998 1831 1080 1879 voluit

596 1893 645 1944 hoc
661 1909 764 1957 quoque
787 1895 844 1945 loco
868 1897 894 1946 id
914 1898 950 1945 ita
966 1898 1080 1964 intellegi

596 1976 626 2011 ac
637 1963 749 2012 restitui:
767 1948 827 2028 ἦτ’
849 1954 989 2031 ἐγήματο,
1006 1976 1034 2015 ut
1052 1966 1079 2015 id
1183 1986 1186 1993 ·

596 2031 686 2079 acerbe
703 2045 717 2080 a
734 2029 823 2080 Medea
845 2031 877 2082 de
893 2034 990 2098 nuptiis
1006 2034 1079 2083 Iaso-

596 2100 636 2148 nis
654 2113 712 2148 cnm
729 2097 822 2149 Glauce
844 2098 920 2149 factis
944 2101 1077 2154 diceretur.

596 2165 625 2216 Id
641 2175 727 2215 tamen
747 2181 762 2216 a
780 2168 914 2217 severitate
930 2169 1079 2234 tragoediae

597 2233 734 2284 abhorrere
756 2249 809 2284 non
827 2244 867 2285 est
895 2236 965 2298 quod
986 2236 1079 2289 dicam.

598 2300 692 2351 Contra
723 2300 890 2353 Seidlerus
925 2302 958 2353 ad
987 2303 1077 2370 Eurip.

595 2369 686 2420 Electr.
714 2371 772 2419 246.
801 2371 836 2420 ita
863 2370 944 2420 voluit
965 2372 1080 2438 intellegi

595 2438 672 2486 verba
695 2427 732 2500 ήν
756 2428 784 2487 τ’
809 2428 951 2503 ἐγήματο,
980 2449 1008 2488 ut
1033 2455 1080 2504 per

594 2505 770 2554 attractionem
783 2515 890 2570 propter
907 2508 1077 2565 accusativos,

594 2574 638 2635 qui
651 2582 710 2623 ante
720 2572 849 2638 leguntur,
866 2574 893 2623 id
911 2575 1025 2638 positum
1038 2589 1079 2624 es·

594 2649 685 2706 setpro
695 2630 890 2723 ἥτ’ἐγήματο.
904 2641 1077 2692 Elmsleius

594 2723 655 2758 vero
672 2698 732 2773 ἥτ’
752 2702 877 2775 ἐγήματο
894 2710 971 2787 scrib}
987 2711 1077 2774 voluit,

595 2776 652 2825 coll.
674 2792 699 2826 v.
722 2778 780 2829 515.
798 2769 927 2842 πτωχοὺς
945 2776 1078 2827 αλᾶσθαι

594 2841 704 2902 παῖδας
716 2832 735 2909 ή
746 2837 772 2892 τ’
791 2836 882 2895 ἔσωσα
899 2858 939 2895 σε.
963 2844 1079 2907 Denique

54 2911 130 2961 Hanc
146 2911 313 2976 scriptumne,
332 2925 399 2974 quae
415 2922 454 2960 est
470 2912 496 2959 in
513 2911 544 2959 li·
595 2911 624 2960 G.
643 2910 839 2959 Hermannus
857 2904 982 2975 ἐγήματο
999 2923 1079 2961 rettu-

55 2981 111 3030 bris
132 2980 246 3041 itemque
265 2981 416 3045 agnoscitur
432 2978 464 3027 ab
482 2978 543 3027 Eu·
594 2978 623 3027 lit
634 2978 667 3026 ad
680 2976 823 3037 Creontem,
840 2987 869 3026 nt
879 2978 927 3026 hoc
939 2979 1077 3028 dicereturz

56 3046 190 3105 arethio,
203 3044 544 3109 intactamreliquitPllug-
595 3055 624 3095 et
653 3047 705 3106 qui
741 3044 829 3094 dedit
863 3046 890 3093 ei
919 3044 1021 3094 liliam
1051 3056 1079 3094 et

54 3116 143 3165 liius.
165 3112 269 3165 Notavit
289 3127 372 3165 autern
393 3112 543 3162 Eustathius
594 3127 686 3174 quam
707 3112 803 3165 dedit.
829 3106 989 3179 Γήμασθαι
1010 3114 1078 3162 enim

55 3182 91 3232 ad
107 3181 180 3231 Iliad.
198 3197 225 3248 p.
243 3184 306 3244 694,
323 3184 357 3233 24
374 3181 442 3230 hunc
459 3180 544 3230 locum
595 3196 653 3230 esse
664 3181 770 3247 proprie
782 3181 856 3230 dare
872 3181 903 3230 in
915 3181 1078 3230 matrimo-

55 3259 204 3316 propterea,
221 3251 292 3312 qnod
306 3249 442 3314 Euripides
455 3258 545 3298 contra
594 3250 686 3298 nium.
725 3249 856 3299 Postremo
885 3248 1077 3313 Lentinglus

54 3317 175 3383 regulam
198 3318 423 3383 grammaticorum
454 3309 546 3400 γήμα-
596 3326 620 3366 et
631 3332 713 3382 nuper
725 3318 800 3366 etiam
813 3316 973 3366 Nanclrius
989 3317 1078 3365 existi-

55 3385 132 3436 σθαι
143 3399 192 3450 pro
210 3383 301 3451 γῆμαι
313 3386 432 3436 dixisset
460 3384 544 3437 Οντω
595 3395 728 3434 maverunt
739 3384 806 3433 hunc
817 3400 920 3434 versum
937 3399 969 3434 ex
981 3400 1006 3434 v·
1019 3386 1079 3435 287.

56 3450 294 3518 καίΕῶρικίδης,
311 3455 394 3516 inquit
420 3444 544 3535 τόἔγή-
594 3444 646 3502 τὸν
676 3446 766 3502 δόντα
794 3449 844 3502 καί
872 3443 1004 3518 γήμαντα
1027 3449 1079 3502 καὶ

57 3536 96 3587 με
112 3519 287 3584 παθητικῶς
311 3516 367 3588 ἔφη
386 3490 417 3572 ἐν
438 3519 477 3590 τῷ
502 3511 544 3584 ἣν
595 3515 780 3585 γαμουμένην
800 3520 981 3600 interpolatum
1011 3534 1077 3568 esse.

58 3580 229 3655 δγήματο,
247 3599 275 3638 ut
291 3589 359 3638 nullo
378 3588 455 3638 modo
470 3588 545 3637 dubi·
596 3587 720 3649 Equidem
732 3577 770 3652 ήν
786 3579 813 3636 τ’
824 3579 950 3651 ἐγήματο
966 3588 1001 3634 ita
1017 3587 1078 3634 reti-

57 3657 106 3705 tari
117 3670 200 3723 posse
217 3657 334 3707 videatur
350 3659 412 3719 quin
434 3671 464 3706 ea
481 3654 545 3705 scri·
595 3655 707 3703 nendum
719 3669 820 3715 censeo,
834 3664 863 3701 nt
872 3653 952 3702 dicam
965 3653 1078 3702 medium

76 3734 136 3775 tura
163 3725 305 3786 antiquitus
339 3724 432 3775 tradita
460 3723 544 3773 luerit.
595 3736 646 3771 non
658 3736 716 3770 oum
728 3721 824 3783 dativo,
841 3721 886 3771 sed
902 3735 960 3770 cum
971 3735 1078 3771 accusa-

57 3739 109 3842 led
121 3793 262 3855 quaeritur,
280 3807 356 3855 quarn
374 3793 406 3841 ob
424 3806 477 3841 rem
494 3791 545 3840 Eu·
595 3791 647 3840 tivo
666 3798 802 3855 propterea
822 3789 937 3855 positum
962 3803 1020 3838 esso
1045 3790 1077 3838 ab

59 3859 155 3925 ripides
172 3860 287 3910 medium
303 3861 421 3926 posuerit
436 3860 479 3918 ibi,
500 3858 545 3909 ubl
594 3857 725 3923 Euripide,
744 3866 772 3907 ut
788 3857 943 3922 significaret
957 3857 1077 3907 Iasonem

60 3929 252 3994 exspectaveris
270 3930 390 3985 activum.
412 3928 442 3977 Id
459 3938 486 3977 ut
499 3943 545 3976 ex·
594 3928 757 3976 matrimonio
775 3940 823 3976 sno
836 3940 893 3975 cnm
906 3925 1000 3977 Glauce
1012 3927 1077 3975 inito

61 3995 193 4061 plicamur,
207 3996 250 4045 alii
263 3995 339 4046 aliam
351 3997 420 4045 viam
432 3996 545 4061 ingressi
594 3992 692 4056 aliquid
702 3994 790 4060 magni
802 3993 852 4043 sibi
863 3995 947 4044 visum
960 4010 1017 4045 esse
1028 3996 1078 4044 im·

61 4074 127 4118 sant.
176 4066 215 4113 Ao
238 4065 400 4115 Personas
431 4063 543 4127 quidem,
594 4072 703 4129 petrare,
715 4064 791 4126 qnasi
801 4070 888 4112 nostra
897 4062 1076 4129 linguadicas:

60 4132 131 4193 qnod
158 4125 314 4199 γήμασθαι
342 4132 480 4194 aliquando
509 4132 544 4182 ita
595 4130 645 4180 die
665 4147 696 4182 er
716 4132 785 4183 sich
802 4130 998 4183 erheirathet
1013 4130 1075 4182 hat.

109 4220 187 4276 Enrip.
201 4221 252 4264 Vol.
264 4222 281 4265 1.
296 4221 351 4266 Soet.
366 4222 382 4263 I.
854 4213 875 4277 4
