2588 4574
488 277 671 329 MEDEA.

500 422 610 494 στροφὴ
624 422 657 495 β’.

169 509 198 586 oi
216 523 355 605 πατρίς,
375 507 402 584 oi
420 521 517 604 6ὦμα
544 570 551 584 .
571 571 578 585 .
598 570 606 584 .
626 569 646 604 .,

168 616 215 707 μὴ
235 615 310 704 δῆτ’
331 614 448 697 ἄπολις
466 625 629 707 γενοίμαν

167 717 231 787 τόν
248 716 436 805 ἀμηχανίας
460 723 584 805 ἔχουσα
602 721 731 789 dvoni-

170 846 275 910 ρατον
292 815 392 887 αἰῶν’

169 919 393 1009 οίατροτάτοον
409 917 528 1007 άχέων.

167 1020 327 1115 θανάτῳ,
345 1021 484 1115 θανάτῳ
503 1022 608 1111 πάρος
626 1027 770 1112 δαμείην

168 1122 300 1213 ἁμέραν
316 1122 415 1192 τάνδ’
437 1123 641 1205 ἐξανάσασα·
668 1124 731 1213 μό-

168 1234 265 1312 χθων
284 1221 317 1292 θ’
338 1222 402 1293 οὐκ
420 1223 522 1305 ἄλλος
539 1223 692 1315 ὕπερθεν
710 1223 731 1313 ἢ

168 1331 231 1412 γᾶς
249 1332 392 1415 πατρίας
412 1327 598 1416 στέρεσθαι.

128 1557 169 1606 V.
174 1557 235 1610 640.
249 1542 345 1621 ωὸὧμ
348 1555 575 1607 oBCEabodB.
589 1542 744 1623 oiddpoit’
755 1550 928 1624 ipo'vvulgo,
949 1560 1090 1622 quodinG

59 1625 170 1675 videtur
181 1639 247 1674 esse.
266 1573 386 1705 θάματα
398 1623 573 1678 Nauolrius.

131 1693 168 1743 V.
177 1693 237 1743 642.
260 1683 338 1759 άμηχ
322 1691 504 1757 χανίας1ἰ5τί.
522 1684 672 1740 Formam’
653 1690 924 1757 αμαχανίαςίιιὶοοὶο
937 1705 1087 1758 reposuerat

61 1758 255 1813 Elmsleius.
280 1759 318 1809 Cf.
332 1757 470 1837 Sophoclis
483 1760 573 1824 Antig.
586 1762 644 1810 345.
658 1762 707 1810 355
720 1776 759 1821 sq

132 1827 168 1876 V
181 1829 239 1879 643.
259 1821 368 1893 δυοπέρ
370 1841 459 1877 αντον
472 1825 542 1878 Obo.

131 1895 166 1945 V.
179 1895 239 1945 644.
261 1844 451 1958 οίκτροτάτοον
464 1889 666 1959 (οἰκτροτάτην
683 1894 711 1956 b)
729 1894 795 1943 libri.
821 1887 1007 1961 οἰκτρότατον
1025 1911 1089 1946 coa

60 1962 123 2012 iecit
134 1961 351 2040 Musgravius.

131 2029 167 2079 V.
179 2030 238 2080 645.
257 2021 379 2094 θανατω
391 2029 470 2079 semel
483 2028 536 2079 GC

132 2097 168 2148 V.
181 2097 240 2148 648.
259 2080 436 2166 πατρῴαςΒ.
453 2096 577 2163 πατρίας
590 2107 679 2156 ceteri
693 2106 720 2146 ut
731 2097 847 2159 videtur
862 2112 960 2149 omnes,

96 2283 131 2333 V.
144 2283 204 2333 640.
223 2267 398 2345 ωπατρίς,
417 2268 548 2362 ά6ῶμά

62 2368 80 2402 τ
82 2341 125 2401 ’ἒ
128 2340 212 2416 priv]
231 2348 315 2428 Quam
333 2342 458 2399 verbaa’
479 2340 548 2413 ἐμόν

62 2432 117 2468 non
129 2417 250 2483 legantur
265 2417 317 2466 nisi
334 2417 360 2464 in
373 2417 430 2470 cod.
445 2417 481 2475 0.
499 2417 549 2465 hoc

62 2485 133 2551 loco,
145 2484 296 2544 dividetur,
310 2485 473 2548 interpolato,
487 2499 549 2532 sane

62 2562 196 2604 extreme
206 2567 298 2602 versus
316 2551 430 2616 syllabae
441 2565 549 2617 prorsus

62 2622 176 2671 incertae
199 2629 261 2670 sunt
283 2634 366 2682 eoque
389 2618 549 2684 interpolatio

63 2689 116 2739 ista
138 2687 336 2753 improbabilior
359 2702 417 2737 esse
439 2687 509 2736 vide
500 2697 548 2748 ur

62 2756 134 2818 quod
151 2749 182 2806 τὲ
199 2754 325 2819 particula
341 2755 387 2803 vix
403 2754 486 2804 looum
504 2755 550 2802 ha

61 2824 124 2873 bere
135 2833 232 2888 potest.
257 2821 334 2870 Nolui
345 2833 430 2871 tamen
448 2832 551 2871 auctore

62 2888 223 2950 Nauokio‚
241 2904 318 2951 quem
334 2889 378 2938 alii
394 2904 514 2968 quoquex
510 2904 551 2938 se-

63 2960 116 3008 cuti
133 2967 208 3037 sunt,
225 2957 313 3006 edere:
337 2948 467 3038 δώματα
476 2951 515 3021 μὴ
536 2951 549 3021 ll

62 3016 132 3091 δῆτ’
145 2995 249 3084 daila
265 3023 405 3090 γενοίμαν
417 3014 484 3082 ari„
504 3023 551 3072 sed

62 3094 184 3160 suspicor
197 3094 284 3158 potios
301 3092 379 3141 aliam
397 3092 551 3154 scripturam

61 3162 91 3211 in
109 3161 204 3210 lacuna
224 3158 320 3220 luisse,
342 3159 454 3209 fortasse
473 3158 550 3206 huius

61 3228 149 3279 modi.
167 3197 320 3294 άπατρίς,
332 3213 450 3292 άᾶὤμα
463 3225 551 3291 φίλον

61 3287 122 3350 avi.
148 3294 187 3344 De
198 3310 275 3345 versu
287 3295 473 3359 antistrophioo
492 3293 551 3343 vide

64 3363 137 3414 adv.
150 3364 210 3414 650.

96 3431 131 3483 V.
145 3431 197 3480 645
209 3445 248 3493 sq
272 3428 353 3479 Non
348 3429 473 3478 immerito
491 3428 551 3478 hae-

62 3508 103 3549 τοι
131 3496 349 3547 Elmsleius'
341 3512 369 3546 rn
400 3496 551 3577 explicanda

61 3565 184 3631 vulgata:
203 3557 339 3645 θανάτῳ,
358 3565 480 3627 θανάτῳ
496 3579 551 3613 πα-

62 3648 113 3713 ρος
125 3625 282 3700 δαμείην
265 3628 377 3697 αμὲραν
390 3615 474 3683 τάνδ’
486 3623 551 3693 ἐξα-

63 3693 192 3765 ννοαοα,
198 3716 292 3780 quum
309 3700 360 3749 dici
377 3700 498 3749 debuisse
512 3699 551 3746 vi-

63 3768 168 3819 dentur:
192 3756 227 3887 ἦέ,
248 3768 303 3817 vel:
328 3763 397 3831 πρὶν
414 3758 552 3828 ἐξανύσαι

62 3828 153 3901 marla
164 3829 222 3902 ἠμ
222 3850 287 3902 ραν.
312 3833 382 3884 Nihil
394 3844 478 3884 tamen
491 3849 551 3883 cau-

63 3918 110 3953 sae
121 3913 174 3965 est,
193 3918 273 3967 quare
284 3902 354 3952 huno
366 3903 451 3951 looum
468 3903 500 3952 de
512 3901 551 3949 vi-

63 3971 100 4020 tio
113 3982 264 4038 suspectum
276 3970 427 4021 habeamus.
454 3968 551 4019 Eodem

64 4040 133 4087 enim
142 4038 246 4088 dicendi
254 4037 337 4089 lorma
346 4040 549 4102 ususestpoeta

64 4121 117 4168 qua
133 4103 223 4170 6είξω
239 4102 330 4173 γονάς
347 4118 371 4155 et
387 4105 480 4155 similia
493 4119 550 4154 sae-

65 4174 174 4239 pissime
197 4174 330 4238 dicuntur,
356 4188 422 4236 quae
445 4173 551 4240 proprie

603 2284 738 2333 conversio
751 2284 917 2365 quaedam
895 2296 934 2334 est
950 2286 1089 2335 sententia-

605 2366 670 2399 r.um
701 2351 738 2399 lta
754 2348 865 2416 αμέραν
881 2344 966 2403 τάν6’
985 2344 1089 2416 ἐξανά·

605 2431 678 2466 οασα
701 2417 823 2484 θανάτῳ
846 2413 938 2485 πάρος
962 2418 1088 2486 δαμείην

605 2485 710 2548 proprie
730 2496 782 2534 est:
810 2486 868 2534 hoo
885 2488 936 2536 die
953 2488 1089 2551 periun-

606 2563 666 2610 cta‚
686 2552 922 2621 priusmoriar,
943 2553 1088 2616 quodnihil

606 2588 676 2668 aliuii
698 2634 756 2669 esse
776 2631 884 2686 apparet
907 2636 998 2684 quam:
1023 2636 1089 2671 mo·

605 2689 673 2735 riar
708 2688 833 2766 potiusz
874 2704 965 2751 quam
1006 2689 1087 2738 huno

606 2754 687 2803 diem
705 2755 876 2819 exegerim.
904 2755 968 2804 Nam
987 2749 1087 2821 πάρος,

606 2820 674 2886 πρίν
690 2832 714 2870 et
731 2821 837 2879 similia,
856 2832 884 2870 ut
901 2821 972 2887 apud
984 2822 1088 2871 Germa-

607 2904 655 2937 nos
663 2904 767 2966 ‚spepe
779 2857 843 2936 nihii
859 2888 929 2938 aliud
942 2904 1019 2951 quam
1031 2905 1089 2955 po-

607 2957 671 3004 tius
690 2956 730 3018 sig
714 2955 845 3003 onifioant.
876 2956 913 3003 Ila
934 2956 1088 3005 Homerus

608 3022 690 3098 (Iliad.
703 2993 728 3074 1⁰
740 3024 773 3070 29
785 3020 849 3082 sq)
873 3014 970 3099 τὴνδ’
983 3015 1037 3087 ἐγὼ
1055 3015 1090 3073 οὗ

607 3080 695 3140 λνοω
709 3088 778 3168 πρίν
789 3103 841 3153 μιν
850 3085 947 3139 καί
911 3105 1002 3154 γηρας
1013 3084 1090 3140 ἔπει

608 3171 654 3207 σιν
668 3149 810 3223 Ημετέρῳ
833 3148 876 3209 ivl
900 3155 977 3224 οίκφ.
1007 3155 1091 3207 Simili

606 3225 689 3274 forma
701 3225 811 3284 dicendi,
826 3234 853 3274 ut
864 3226 890 3274 in
904 3210 1001 3288 Medea,
1013 3225 1090 3274 etiam

607 3295 633 3341 in
657 3293 786 3342 Alcestide
809 3308 834 3343 v.
856 3295 915 3344 900
941 3295 980 3343 ed.
1001 3292 1088 3342 Monk.

607 3376 671 3410 usus
700 3369 738 3410 est
761 3360 966 3441 Euripides:
982 3359 1012 3412 τί
1035 3378 1089 3427 γαρ

607 3419 692 3493 άνὸρὶ
713 3423 805 3479 κακὸν
829 3421 966 3493 μεῖζον
950 3433 1090 3494 αμαρτεῖν

606 3486 1090 3641 illibliils’..illisill

607 3631 658 3678 rici.
677 3629 731 3677 Hoo
743 3629 819 3678 dicit.
822 3620 1090 3710 άμαρτεῖνττιστῆς

606 3688 722 3776 άίόχον,
736 3695 765 3746 τί
776 3690 880 3746 τούτου
892 3695 990 3760 μειζον
1003 3688 1090 3761 άνδρί

607 3757 713 3826 adarim
745 3778 773 3816 o.
803 3777 986 3814 unsaraizos,
1024 3765 1090 3814 Vide

608 3847 673 3895 quae
694 3831 762 3880 diota
783 3841 843 3879 sunt
863 3832 896 3880 ad
917 3832 1014 3884 Alcest.
1030 3832 1089 3882 879.

606 3915 633 3965 p.
648 3902 697 3950 116
710 3915 750 3961 sq
765 3899 805 3950 ed
819 3914 871 3950 seo.

640 3968 673 4017 V.
697 3969 756 4017 647.
793 3965 831 4015 Cf
859 3966 967 4046 Eurip.
996 3966 1088 4016 Electr.

607 4037 681 4088 1314.
693 4031 753 4086 Καὶ
764 4034 841 4094 τίνες
854 4024 940 4086 oillei
954 4030 1091 4113 στοναχαὶ

605 4102 720 4167 μείζους
733 4091 776 4154 Ἢ
796 4101 850 4168 γῆς
873 4091 1038 4169 πατρίας
1022 4116 1090 4165 ορον

607 4162 766 4232 ἐκλείπεινς
