2588 4574
495 268 678 317 MEDEA.

79 422 166 494 ὥσθ’
187 424 301 512 ’ίμερός
318 423 354 512 μ’
375 422 510 511 ὑπῆλθε
528 431 572 513 γῇ
590 451 626 492 τε
643 420 801 518 κούρανῷ

78 529 168 608 λεξαι
185 526 336 615 μολοόση
355 530 459 611 δεῦρο
478 531 632 612 Μηδείας
649 526 762 614 τόχας.

442 688 733 740 ΠΑΙΔΑΓΩΓΟΣ.

78 777 174 848 οόπω
192 777 258 866 γὰρ
276 776 297 864 ἡ
315 777 454 847 τάλαινα
473 778 616 847 παύεται
632 778 741 864 νόωνς

147 1045 179 1093 V.
190 1046 232 1094 57,
251 1033 283 1107 μ’
297 1034 450 1109 ὑπῆλθε]
465 1032 621 1108 μοῦπῆλδε
630 1045 662 1093 A.
674 1043 817 1092 Meineke
829 1043 930 1108 Fragm.
939 1044 1094 1111 comicorum

79 1111 166 1162 Graec.
180 1111 230 1159 vol.
245 1111 297 1163 llll.
311 1126 336 1175 p.
351 1111 392 1159 λλ.

148 1180 180 1227 V.
196 1179 237 1228 58.
259 1175 404 1241 μολοῦσαν
424 1176 444 1226 0
459 1189 483 1227 et
495 1176 642 1242 Scriptor
655 1175 749 1227 Christi
767 1189 819 1244 pot.
832 1193 856 1229 v.
870 1181 910 1228 58.
945 1175 1047 1242 ηδείας
1065 1169 1098 1242 (ἢ

80 1244 235 1311 δεσποίνης
246 1245 277 1293 ab
288 1245 377 1295 eodem
389 1259 467 1293 manu
476 1260 556 1309 supra
567 1246 703 1310 scriptum)
716 1244 745 1295 B.
755 1243 878 1311 μηδείας
892 1195 943 1311 [Εῗ
951 1245 977 1294 Β
988 1241 1035 1311 [θ]
1049 1242 1096 1296 δε-

79 1312 200 1379 σποίνης
216 1312 282 1362 Ced
295 1311 393 1361 Schol.
405 1311 502 1361 Phoeu.
517 1317 542 1367 1,

78 1535 156 1582 rias.
169 1529 566 1581 AdluderehuovideturTheo·
616 1530 693 1580 dubio
709 1529 777 1578 huno
794 1529 924 1595 Euripidis
941 1529 1025 1579 locum
1039 1540 1098 1579 onte

78 1611 197 1665 gnerus
220 1599 290 1662 apud
320 1598 429 1647 Athen.
454 1598 512 1648 XV.
537 1613 565 1662 p.
617 1599 705 1647 oeulos
722 1597 812 1646 habuit
828 1614 873 1646 nee
885 1599 921 1646 ita
932 1598 1096 1662 corrigendus

78 1669 137 1719 orl.
156 1664 184 1716 0.
209 1658 449 1732 πεφιλοσόφηκας
473 1663 512 1741 φῇ
535 1680 566 1715 τε
584 1726 588 1733 ι
616 1666 724 1722 videtur,
737 1674 766 1714 ut
778 1665 1000 1714 olimMeiuelrio
1014 1667 1097 1714 visum

77 1725 211 1800 κούρανῷ
246 1731 355 1797 λαλῶν,
394 1727 439 1792 οἷς
478 1728 567 1784 ondin
616 1746 669 1781 erar
686 1733 703 1784 l.
716 1747 738 1783 c.
755 1725 923 1810 μοόπῇλθε,
948 1733 992 1781 sed
1010 1734 1097 1796 potins

79 1793 158 1854 ἔστιν
175 1793 306 1865 ἐπιμελὲς
323 1799 380 1851 τόν
393 1800 451 1851 σῶν
463 1793 563 1866 λόγων.
616 1801 1098 1865 ἰρεοηιιοηιιοσχηματισολοικοφα-

79 1868 204 1918 Similiter
237 1867 312 1917 Euri
341 1868 409 1917 ides
440 1868 564 1917 Androm.
616 1871 663 1919 νεῐ
678 1866 807 1930 Euripidis
834 1867 915 1915 locum
933 1867 1037 1915 irridere
1054 1880 1097 1914 vo·

78 1939 111 1988 91
130 1952 172 2016 sq).
195 1927 279 2000 ἡμεῖς
295 1934 336 1993 δ,
358 1930 457 1997 οἷσπερ
474 1927 566 1999 ἔγκεί-
616 1936 669 1983 luir.
694 1933 745 1982 Neo
762 1933 881 1983 abhorret
897 1935 1001 1983 omnino
1017 1948 1033 1982 a
1047 1945 1098 1981 tre-

77 2003 157 2070 μεσθ
186 1996 232 2054 ἀεὶ
252 1996 387 2068 Θρηνοισι
403 2000 453 2053 καὶ
472 1994 565 2067 γόοισι
616 2003 733 2068 giemum
747 2001 900 2051 Graecorum
913 2015 1030 2050 sermone
1043 2001 1097 2049 eius

78 2069 130 2122 καὶ
158 2063 336 2136 δακρύμασι,
362 2065 439 2133 Πρὸς
464 2060 564 2133 αἰθέρ’
615 2069 685 2119 modi
697 2069 812 2132 enallage
822 2084 937 2129 casuum,
950 2084 1015 2130 quae
1027 2069 1098 2117 vide-

79 2131 260 2204 ἐκπονοῦμεν.
271 2140 299 2187 ld
309 2138 564 2186 maximeinsomniis
613 2148 655 2187 tur
671 2139 697 2186 in
713 2137 830 2187 absoluto
848 2152 953 2186 casuum
971 2152 1029 2199 usu,
1046 2150 1099 2185 uon

78 2206 175 2256 facium
204 2222 262 2255 esse
294 2204 452 2270 significatur
479 2205 563 2270 lphig.
614 2206 640 2253 in
654 2221 712 2253 vera
725 2206 911 2269 permutatione
924 2218 1039 2257 casuum,
1052 2218 1099 2268 po-

78 2274 155 2322 Tnnr.
168 2290 193 2322 v.
204 2275 259 2331 43„
276 2273 310 2322 ad
322 2286 398 2334 quem
410 2272 493 2321 lucum
507 2273 565 2320 vide
615 2273 663 2321 sion
676 2287 743 2336 esse,
756 2273 829 2322 euius
840 2273 875 2319 rei
885 2273 1001 2336 exempla
1013 2271 1098 2320 adlata

78 2342 276 2403 quaeudnotavi
289 2356 316 2405 p.
330 2342 363 2390 25
377 2355 416 2401 sq.
447 2338 563 2389 Ceterum
614 2350 675 2389 sunl
692 2339 799 2404 Eurip.
817 2340 896 2404 lphig.
917 2339 976 2388 Aul.
992 2339 1040 2387 487
1057 2354 1097 2419 sp.

78 2408 148 2459 conl.
161 2409 265 2458 Plauti
278 2408 354 2460 Mero.
366 2407 456 2472 prelii
469 2405 512 2470 (13
522 2407 564 2456 ed.
613 2395 706 2464 ἄλλως
719 2402 748 2456 κε’
758 2401 789 2471 μ’
802 2401 879 2465 ἔλεος
891 2405 942 2472 τῆς
954 2407 1098 2457 ταλαιπω-

78 2476 198 2532 Ritsehl.)
207 2491 264 2538 sqq.
284 2477 343 2525 Non
355 2491 402 2540 epo
413 2477 471 2524 item
481 2476 562 2537 facio,
632 2490 667 2525 ον
680 2466 766 2555 κόρης
784 2470 914 2539 Είσῆλδε
927 2469 1097 2538 σνφφὲνειαν

77 2551 108 2594 rii
125 2546 190 2594 alios
206 2546 232 2592 in
252 2545 390 2594 comoediis
415 2544 477 2593 Vidi
493 2558 564 2592 oma-
615 2492 811 2606 όννοονμενῳ.,
821 2556 897 2603 quem
907 2541 1030 2590 adlooum
1041 2541 1098 2589 vide

77 2619 150 2662 tores
170 2612 273 2674 facere,
297 2613 342 2676 qui
363 2617 408 2660 οαί
426 2611 503 2661 Nocti
519 2616 564 2660 aut
615 2610 810 2672 qnaendnotavi
825 2625 852 2674 p.
865 2609 916 2665 80„
929 2619 981 2658 tum
994 2609 1097 2657 inverso

77 2680 125 2729 Dii
141 2680 197 2728 Aut
214 2679 268 2729 Soli
284 2680 430 2729 authurae
447 2680 564 2728 miserias
613 2693 720 2728 casuum
745 2677 841 2739 ordine,
865 2677 1031 2726 similitudine
1055 2689 1098 2724 ea-

78 2753 275 2797 narrantium.
614 2747 685 2802 dem,
720 2742 893 2809 Sophoclis
919 2745 958 2793 Αἰ.
984 2746 1033 2794 979
1058 2758 1098 2804 sq.

113 2816 146 2864 V.
160 2816 193 2864 5⁷
210 2831 249 2875 sq.
279 2801 364 2863 ὥσθ’
391 2804 508 2878 ἵμερός
530 2802 564 2877 μ’
614 2804 732 2878 ποῖηίιρ
744 2813 842 2876 μολεῖν
853 2827 902 2875 μοι
913 2802 1047 2862 δυνατόν.
1061 2802 1098 2869 ὥς

78 2874 221 2948 ὑπῆλθε
231 2871 300 2946 und]
316 2880 387 2939 Quod
398 2881 439 2928 hic
449 2880 563 2931 A.Mei-
614 2880 716 2937 ποίονς
728 2871 857 2996 pedronis,
874 2879 942 2936 Τοῖς
954 2882 1015 2936 σοῖς
1029 2868 1100 2955 όρη·

78 2947 563 3013 neheinFragm.oomioorumGrneo.
616 2938 697 3010 ξαντ’
744 2962 760 2994 ν
797 2958 911 2995 πονοισι
948 2942 1098 3009 lindoinum

78 3016 132 3064 vol.
150 3017 204 3067 llll.
223 3032 248 3082 p.
261 3018 303 3066 27.
320 3016 483 3066 scribendum
507 3029 565 3063 esse
615 3014 733 3076 quemad
749 3013 828 3062 locum
843 3012 900 3060 vide
917 3026 982 3072 quae
994 3013 1101 3060 adnota-

79 3084 190 3132 ouniecit
211 3077 377 3150 μοόπῇλθε,
403 3092 431 3130 ut
450 3083 475 3130 id
498 3090 565 3130 esset
614 3083 651 3130 vit
666 3081 692 3131 Ε.
704 3080 899 3143 Wunderus,
912 3079 956 3139 qui
968 3088 1100 3142 comparat

79 3165 129 3216 pro
153 3165 202 3215 μοι
224 3146 350 3216 ὑπῆλθε,
376 3163 449 3198 nemo
467 3149 566 3213 aceepit
616 3148 791 3214 Sophoclis
811 3148 901 3198 Eleorr.
917 3148 975 3196 479.
996 3136 1103 3197 όπεστί

78 3233 163 3280 neque
186 3218 212 3267 id
234 3233 355 3282 magnam
379 3218 564 3283 probabilitatis
615 3233 665 3282 μοι
682 3210 805 3282 δρόσος,
829 3206 1100 3267 οἱδνπνόωνκλόον-

80 3288 194 3351 speeiem
211 3300 272 3351 prae
288 3302 317 3335 se
333 3286 389 3335 leri.
414 3284 477 3334 Nam
499 3299 567 3346 quae
616 3299 673 3336 σαν
690 3276 792 3348 detine
808 3276 972 3348 όνειρότων.
994 3292 1018 3331 et
1037 3283 1100 3331 Ae-

79 3352 159 3418 vulgo
178 3354 203 3401 iu
222 3354 291 3403 libris
309 3354 416 3402 habetur
430 3354 565 3418 scripturn,
615 3354 720 3432 schyli
743 3351 857 3416 Choiph.
874 3353 935 3404 408.
954 3346 1100 3400 rainelmi

79 3433 243 3486 eamprneier
252 3421 330 3470 libros
341 3420 566 3486 agnoscitscho-
616 3412 646 3471 δ’
665 3415 735 3470 αντὲ
752 3435 800 3482 μοι
818 3418 905 3484 φίλον
914 3413 996 3483 κέαρ,
1015 3408 1100 3467 τόνδε

79 3489 209 3548 liastes,
222 3491 266 3550 qui
278 3489 394 3539 adnotat:
419 3481 451 3539 τὸ
469 3487 565 3553 σχῆμα
615 3481 983 3539 κλόονσανοῖκτον.ΑδδοΡ.
993 3484 1099 3532 Elmsl.

79 3552 297 3620 σολοικοφανὲς,
315 3549 366 3606 διό
379 3549 434 3622 τὴν
445 3547 566 3606 ἕναλλα-
616 3556 649 3605 ad
660 3555 754 3604 Hernol.
766 3557 824 3604 693.
841 3552 1054 3616 eiPlluglrium
1067 3550 1100 3599 ad

79 3615 565 3689 γὴντῆςπτοόσεως·μολοόσηηὰρ
616 3623 723 3672 eundem
740 3623 825 3671 locum
842 3635 868 3684 p.
881 3620 914 3669 98
932 3635 971 3680 sq.
989 3618 1028 3667 ed.
1046 3632 1099 3667 seo.

80 3681 146 3742 ἀντὶ
165 3689 215 3741 τοῦ
233 3687 453 3758 αολσόσα[ν],
473 3700 498 3739 et
514 3694 565 3738 inm
616 3690 731 3739 Ceterum
749 3704 763 3737 e
780 3688 850 3736 libris
869 3687 943 3735 bouis
964 3682 1100 3750 Μηδείας

79 3769 139 3806 ante
156 3756 317 3808 Scholiasten
337 3759 438 3808 viderur
458 3758 565 3806 Phile·
615 3772 663 3824 pro
676 3754 830 3822 δεσποίνης
840 3754 962 3819 eomagis
974 3754 1100 3817 reeipien-

78 3838 148 3874 mon
162 3827 232 3891 apud
247 3827 355 3875 Athen.
367 3827 422 3876 Vll.
435 3825 564 3890 pubol),
616 3827 677 3875 dum
691 3826 786 3890 putavi,
805 3823 872 3886 quod
890 3823 964 3872 etiam
977 3821 1099 3870 Ennius

79 3893 306 3959 vol.11.p.24‚o.
320 3894 359 3943 ed.
373 3894 488 3943 Meinehe
502 3894 566 3943 huno
614 3895 641 3943 id
657 3895 683 3942 in
701 3908 748 3941 suo
767 3893 831 3941 libro
844 3892 967 3956 seriptum
978 3889 1101 3938 habuisse

79 3961 163 4026 ipsam
177 3963 330 4027 scripturum
343 3964 368 4009 iu
381 3961 444 4010 libro
459 3976 507 4010 suo
523 3962 567 4010 ha·
616 3961 723 4016 videtur,
735 3970 789 4009 tum
803 3960 863 4022 quia
876 3958 952 4007 modo
965 3974 991 4008 n.
998 3959 1039 4007 49.
1053 3954 1099 4007 δε-

78 4029 180 4078 bulsse:
195 4019 308 4097 όσ[δ’]
323 4021 418 4094 ἵμερός
430 4019 460 4092 μ’
475 4021 566 4094 ὖπῆλ-
615 4027 735 4095 σποίνης
748 4019 818 4093 ἐμῆς
831 4038 883 4076 erat
899 4027 1003 4090 diorum,
1018 4035 1045 4073 ut
1056 4039 1101 4073 va·

79 4095 119 4146 θε
130 4094 212 4178 illst?
223 4089 356 4165 κούρανῷ
365 4093 455 4158 Λέξαι
464 4093 567 4161 μολόν·
615 4097 690 4144 rintio
711 4091 834 4145 orationis
855 4094 965 4144 iucundo
985 4109 1042 4142 esse
1063 4093 1101 4140 vi·

80 4179 109 4214 τι
121 4172 233 4228 τονψον
241 4157 279 4224 οἱς
288 4156 438 4230 ἐσκεύασα,
452 4165 565 4226 quisine
615 4164 725 4213 deretur.
