2588 4574
140 249 203 313 112
511 247 793 300 uun11>1n1s

244 410 368 490 σκέψαι
385 408 509 476 τεκέων
529 403 676 493 τιλαῃάν,

243 510 363 591 σκέψαι
380 508 490 598 φόνον
507 502 582 577 οἷον
604 517 701 596 αίρει.

240 609 304 700 μή,
323 608 408 699 προς
426 608 580 694 γονάτων
597 629 636 677 σε
654 606 777 686 πάντες

241 710 374 791 πάντας
394 709 600 798 ἱκετεύομεν,

241 811 286 902 μή
304 814 405 882 τέκνα
422 809 604 900 φονεύσῃς.

536 932 715 1007 άντιστροφή
735 931 771 1005 β’.

240 1032 352 1101 πόθεν
368 1029 497 1120 θράσος
515 1026 537 1116 ή
555 1027 681 1119 φρενὸς
699 1026 720 1117 ή

240 1133 326 1222 χειρὶ
343 1133 472 1200 τέκνων
497 1133 602 1200 σέθεν

240 1238 364 1324 καρδίᾳ
381 1261 417 1302 τε
438 1231 547 1320 λήψει,
1113 1249 1163 1300 ato

206 1399 239 1449 V.
253 1400 311 1449 839.
332 1391 398 1464 αλρή
410 1397 478 1446 iibri.
497 1394 573 1460 αίρει
586 1396 767 1449 Elmsleius.

205 1467 239 1518 V.
252 1467 310 1518 840.
329 1458 435 1523 πάντες
447 1455 562 1522 πάντας
578 1464 639 1514 Bo.
651 1462 763 1513 fortasse
780 1464 856 1512 etiam
874 1463 899 1511 d.
918 1457 1031 1521 πάντας
1048 1454 1159 1522 πάντες

137 1535 222 1584 ceteri.
249 1533 375 1595 Equidem
388 1544 412 1582 et
424 1532 570 1597 strophicos
583 1547 674 1581 versus
687 1541 712 1581 et
722 1530 934 1597 antistrophicos‚
948 1540 974 1579 ut
987 1545 1056 1581 nuno
1068 1530 1162 1596 legun-

137 1613 193 1662 tur,
206 1602 251 1650 vix
264 1601 345 1650 habeo
358 1614 447 1650 sanos.
817 1657 824 1675 μ
985 1657 992 1674 ¹

206 1670 240 1720 V.
253 1670 312 1719 842.
331 1660 418 1718 τέκνα
430 1658 472 1732 μή
488 1657 632 1733 φονεύσῃς
650 1666 716 1716 libri.
734 1658 774 1732 μή
793 1681 881 1717 τεκνα
899 1678 1043 1733 φονεύσῃς
1056 1667 1167 1717 Musu-

139 1753 200 1787 rus.
227 1728 267 1802 μὴ
281 1736 553 1785 eiecitBrunokius.

206 1805 239 1854 V.
254 1805 313 1855 843.
333 1801 393 1862 πῶς
406 1797 439 1853 δέ
453 1795 563 1869 θράσος
575 1801 642 1852 Mus
651 1817 734 1852 urus.
757 1791 852 1852 κόθεν
864 1791 974 1867 θράσος
986 1800 1053 1854 libri.
1123 1850 1128 1855 ,

139 1913 264 1990 άλλων]
279 1921 323 1972 Sia
336 1938 403 1971 nuno
418 1896 626 1971 fereediderunt.
712 1920 870 2001 V.844s3q.
882 1908 1167 1986 ττύθενθράσοςῆ

139 1989 210 2048 Quae
220 1991 393 2054 interpunctio
407 1991 429 2038 si
441 2004 501 2039 vera
514 2000 561 2048 est,
575 2002 627 2038 non
680 1980 839 2053 φρενδςῃ
858 1983 950 2054 χειρί
964 1983 1098 2038 τέκνων
1113 1979 1169 2039 σέ-

138 2058 233 2123 poterit
244 2047 308 2122 μετ’
319 2047 626 2121 άλλωνελίτεείοιελλεςί,
678 2056 745 2108 θεν
764 2053 895 2121 καρδίᾳ
916 2070 952 2106 τε
972 2047 1098 2123 λήψει]
1125 2053 1168 2105 Sio

140 2125 189 2173 nisi
202 2133 230 2173 nt
245 2139 303 2173 oum
316 2125 393 2172 verbo
409 2118 468 2187 ἕξει
484 2124 627 2188 coniungo—
678 2123 735 2173 libri
745 2122 813 2172 huno
822 2122 907 2173 locum
916 2124 1040 2188 seriptum
1046 2123 1170 2173 exhibent

139 2201 192 2241 tur:
219 2191 351 2249 habebit
372 2206 432 2240 una
455 2206 525 2240 eum
549 2191 625 2240 aliis
678 2199 834 2242 constanter.
861 2190 1168 2256 Vulgatamsoriptumm

138 2258 201 2322 [vid.
215 2259 255 2312 ed.
267 2259 384 2323 Musgr.
399 2258 458 2309 Vol.
471 2259 515 2310 111.
529 2275 556 2324 p.
566 2259 625 2309 245.
679 2257 1166 2324 epartatueturetiamSoholiastes,

139 2328 180 2376 ed.
204 2324 301 2392 Beck.].
334 2326 399 2376 Nam
424 2326 493 2388 quod
514 2325 627 2407 Pilug-
680 2327 724 2388 qui
741 2325 806 2375 haee
822 2327 911 2376 habet:
935 2317 1058 2377 Πόθεν
1078 2318 1168 2410 θρά-

138 2394 210 2443 iuius
227 2396 409 2478 interpretatus
428 2404 480 2443 est:
503 2386 558 2444 τάν
574 2408 627 2459 ονχ
679 2405 750 2453 σος·
773 2391 831 2444 τίνι
849 2392 973 2460 λογισμῷ
990 2407 1167 2476 ῃρῃσαμενῃ,

139 2454 225 2513 ὁσίαν
240 2477 293 2527 μετ
323 2452 435 2527 άλλων,
458 2476 548 2523 quam
565 2476 626 2510 non
680 2453 808 2512 τουτέστι
824 2461 869 2520 τίς
890 2475 922 2512 σε
939 2453 954 2512 ὁ
972 2478 1029 2513 των
1048 2477 1168 2514 παντων

138 2529 187 2579 ias
201 2539 249 2579 est
261 2545 327 2579 oum
340 2530 416 2579 aliis
429 2530 550 2588 vivere,
569 2528 626 2578 ooli.
678 2528 782 2587 πείσας
794 2528 931 2580 τοσοῦτον
943 2521 1055 2594 θράσος
1069 2521 1169 2582 ἐνθεί-

139 2595 221 2646 Orest.
234 2599 276 2646 46.
291 2608 315 2647 et
327 2597 410 2662 Iphig.
422 2597 500 2646 Taur.
514 2598 583 2657 947„
603 2606 628 2646 et
678 2612 728 2647 ναι
740 2595 774 2661 τῇ
789 2595 897 2662 σαυτῆς
909 2594 989 2675 ψυχή
1001 2584 1022 2662 ἢ
1033 2595 1067 2664 τῇ
1081 2594 1167 2664 δεξιᾷ

139 2663 329 2714 Eimsieius:
348 2655 402 2714 τάν
420 2655 473 2729 ούῃ
490 2656 576 2715 ὁσίαν
589 2656 627 2722 ὡς
678 2656 851 2730 ὁτιλιζομένῃ
863 2656 938 2715 κατά
950 2681 1008 2716 των
1019 2657 1169 2729 φιλτάτων

139 2724 170 2780 οί
180 2719 263 2781 ἄλλοι
275 2731 400 2789 ττολῑται,
416 2741 553 2793 utrumque
564 2732 627 2781 alie-

138 2813 200 2847 num
212 2808 251 2848 est
263 2800 294 2848 ab
308 2814 338 2849 ea
351 2800 474 2860 oratione,
488 2814 565 2863 quam
578 2815 626 2866 po-

138 2868 190 2915 suit
210 2866 356 2932 Euripides.
393 2865 467 2925 Quod
488 2879 573 2917 autem
594 2869 625 2918 Α.

137 2933 308 2996 Matthiae,
339 2935 416 2984 verba
442 2927 507 3001 μετ’
531 2925 627 2987 άλλων

136 3017 194 3051 oum
208 3004 374 3065 sequentibus
387 3004 556 3070 coniungens,
570 3019 626 3053 ver-

137 3071 181 3119 tit:
209 3085 274 3120 oum
297 3072 387 3130 aliis,
408 3086 471 3121 non
492 3087 623 3131 meeum,

137 3137 175 3186 de
205 3138 301 3187 caede
335 3139 509 3188 liberorum
543 3140 626 3189 deii-

676 2726 792 2783 λταίδων
809 2725 1039 2798 καρεσκεύασενς
1056 2742 1083 2783 et
1093 2732 1168 2783 dein-

677 2799 725 2850 de:
751 2799 893 2867 Καρδίᾳ
914 2814 949 2851 τε
969 2794 1073 2878 λήψῃ·
1099 2791 1169 2851 άντλ

677 2865 728 2918 τοῦ
746 2863 821 2918 κατά
838 2861 892 2934 τήν
910 2881 1019 2934 σαυτης
1039 2866 1168 2934 καρδίαν

677 2931 732 3013 καὶ,
756 2927 808 2985 τὸν
838 2927 974 3002 λογισμὸν
1003 2929 1167 3003 προσλήψῃ,

677 3015 801 3070 σχήσεις.
831 3005 869 3052 Ao
886 3003 949 3052 mihi
966 3003 1069 3066 quidem
1087 3003 1168 3054 libro·

677 3086 734 3120 rum
746 3071 875 3137 scriptura
891 3070 1063 3136 explicatione
1079 3072 1167 3138 potius

677 3153 755 3200 quam
779 3140 936 3189 correctione
956 3154 1035 3204 ,egere
1056 3139 1167 3191 videtur.

677 3205 791 3255 Primum
820 3208 888 3256 enim
916 3216 1025 3288 apparet
1052 3208 1168 3271 priorem

676 3274 749 3322 vocis
768 3282 880 3338 partem:
904 3275 1000 3326 ττοθεν
1016 3267 1130 3340 θράσος
1147 3264 1168 3341 ἢ

677 3332 796 3405 φρενός,
818 3342 946 3406 pertinere
963 3342 1107 3392 admontis
1125 3344 1169 3392 iu·

137 3206 224 3266 bera,
235 3205 624 3255 idminimeoonveuitinverba:

135 3267 244 3333 σκέψαι
262 3265 355 3335 φόνον
368 3266 431 3321 οἷον
444 3270 530 3336 οιίρει.
556 3272 626 3330 Quae

137 3352 216 3400 quum
229 3339 265 3387 ita
277 3340 342 3398 sint,
360 3337 435 3386 facile
452 3338 579 3399 adducor,
598 3350 626 3389 ut

137 3403 569 3456 veramSohoiiastaerationem
580 3406 626 3456 ha·

137 3473 220 3551 oetam,
233 3474 278 3535 qui
291 3474 347 3538 ipse
360 3487 462 3534 quoque
473 3474 551 3522 verba
559 3466 625 3540 μετ’

137 3540 230 3591 αλλων
242 3540 276 3590 εδ
285 3541 418 3603 sequentia
427 3541 566 3591 adsumens
577 3543 626 3592 hoo

417 3599 425 3619 Ι

430 3602 625 3689 matyrio

135 3607 211 3656 dicit:
228 3600 299 3674 Τήν
311 3610 400 3674 πλην

137 3672 203 3724 τῶν
216 3670 348 3729 τέκνων
364 3626 497 3728 καλτον
516 3694 625 3743 φονον

136 3733 180 3807 μή
193 3737 624 3825 μροαετῶςδῃύσῃςάλλά

135 3823 308 3875 προτερον
325 3812 394 3877 μεθ
420 3804 625 3879 ήμωνῆάλ-

138 3876 203 3928 λων
219 3878 325 3930 τινῶν
338 3875 481 3942 σκέψαι,
502 3877 624 3931 εἰτοῦ-

135 3959 173 3994 το
187 3942 320 4009 δρᾶσαί
336 3960 372 3997 σε
389 3939 460 4012 χρή.
487 3947 525 3999 Gi.
538 3947 623 4013 iphig.

136 4010 195 4089 Aul.
213 4028 236 4062 v.
258 4015 332 4064 1356.
350 4014 390 4064 ed.
408 4014 509 4067 Matth.:
537 4013 624 4080 δεῦρο

137 4075 174 4145 δή
192 4077 308 4145 Σκέψαι
325 4073 397 4147 μεθ’
409 4073 506 4149 ἡμῶν,
522 4081 623 4148 μῆτερ,

133 4139 174 4207 ὥς
185 4147 277 4209 καλῶς
290 4142 370 4215 λέγω.

676 3409 756 3457 timae
778 3409 927 3472 audaciam,
949 3410 1168 3472 quemadmodum

677 3484 701 3525 et
730 3473 910 3542 Sophocles
940 3479 1007 3527 dixit
1035 3479 1062 3526 in
1087 3477 1169 3527 Aiaoe

677 3559 701 3593 v.
718 3544 766 3593 46:
794 3544 907 3595 ποίοισι
928 3540 1048 3609 τόλμαις
1064 3543 1169 3597 ταῖσδε

676 3605 728 3662 κοιλ
745 3610 885 3675 φρενῶν
901 3604 1047 3678 θράσει;
1066 3622 1169 3663 etanta

678 3677 832 3759 Sophoclem
846 3681 1010 3733 Homerus:
1026 3672 1071 3733 ένλ
1082 3677 1168 3748 φρεσί

676 3746 789 3811 θαρσος
802 3742 913 3827 Ἆέθῃκε.
950 3747 978 3798 Si
1002 3758 1057 3798 tum
1080 3751 1169 3815 pergit

677 3817 766 3879 poeta:
797 3833 816 3881 η
841 3812 916 3881 χειρί
943 3809 1052 3868 τέκνων
1075 3808 1167 3870 σέθεν

676 3878 786 3947 καρδίᾳ
806 3897 837 3933 τε
858 3877 959 3948 λήψει,
985 3885 1059 3934 iaoiie
1079 3885 1167 3935 doceri

676 3960 763 4014 potest
774 3952 901 4014 pertinere
918 3951 968 4001 hoo
985 3952 1018 4002 ad
1035 3962 1165 4003 externam

676 4016 717 4065 vel
738 4016 823 4066 dicam
845 4021 962 4085 corporis
979 4019 1164 4071 fortitudinem.

676 4085 705 4133 Id
722 4086 790 4133 enim
809 4088 893 4137 verbis
912 4084 986 4154 χειρί
1003 4114 1036 4125 -
1054 4087 1165 4155 καρδίᾳ

676 4166 707 4203 τε
731 4154 795 4203 satis
819 4154 993 4221 significatur,
1022 4157 1097 4218 quio,
1127 4156 1167 4206 uti
