2566 4574
250 684 649 794 ῩΠΟΘΕΣΙΣ
681 690 1193 792 ΗΡΑΚΛΕΙΛΩΝ.

640 921 820 931 ...υ-ι...-

92 1166 94 1171 Ι
144 1069 173 1119 ⁸
207 1039 359 1155 Ἰόλαος
384 1073 455 1155 υίὸς
482 1082 542 1162 μὲν
568 1065 611 1157 ἦν
634 1073 822 1166 Ἰφικλέους,
850 1073 1051 1167 ἀδελφιδοῦς
1076 1073 1227 1165 ὃλἩρα-

212 1183 344 1257 κλέους·
380 1186 416 1247 ὲν
449 1175 581 1260 νεότητι
607 1174 638 1243 δ’
685 1181 795 1261 ἐκείνῳ
834 1175 1162 1269 συστρατευσάμενος
1195 1185 1227 1243 ἐν

211 1277 300 1366 γήρᾳ
336 1290 405 1357 τοῖς
440 1280 473 1360 ἐξ
506 1284 629 1346 ἐκείνου
663 1272 800 1362 βοηθὸς
834 1275 949 1356 εῦνους
975 1275 1135 1366 παρέστη.
1164 1281 1228 1346 τῶν

169 1392 188 1454 5
212 1378 277 1465 γάρ
303 1383 431 1446 παίδων
457 1380 490 1460 έξ
514 1377 647 1458 ἁπάσης
674 1382 900 1463 ἐλαυνομένων
931 1382 992 1464 γῆς
1016 1379 1076 1447 ὑπ’
1114 1378 1227 1469 Εὐρυ-

213 1486 324 1559 σθέως
349 1487 429 1568 ἔχων
455 1477 579 1558 αὐτοῦς
604 1470 714 1559 ἦλθεν
742 1486 787 1557 είς
809 1479 977 1562 Ἀθήνας,
1012 1479 1107 1549 κάκεῖ
1132 1507 1228 1568 προς-

214 1580 330 1672 φυγῶν
363 1595 436 1661 τοῖς
471 1586 568 1658 θεοῖς
601 1585 671 1666 έσχε
698 1577 762 1661 τὴν
789 1579 977 1672 ἀσφάλειαν
1003 1585 1229 1674 Δημοφῶντος

213 1688 273 1763 τῆς
299 1681 422 1762 πόλεως
447 1686 663 1770 κρατοῦντος.
701 1684 862 1770 Κοπρέως
887 1687 920 1750 δὲ
948 1686 1008 1751 τοῦ
1026 1683 1229 1773 Εὐρυσθέως

213 1782 352 1869 κήρυκος
392 1784 552 1852 ἀποσπᾶν
593 1787 756 1860 θέλοντος
804 1782 882 1862 τοὺς
924 1791 1031 1863 ἱκέτας
1071 1782 1229 1853 ἐκώλυσεν

153 1884 192 1948 10
215 1885 338 1953 αὐτόν·
374 1883 392 1953 ὁ
429 1889 463 1952 δὲ
489 1883 628 1965 ἀπῆλθε
671 1883 818 1970 πόλεμον
855 1884 1036 1967 ἀπειλήσας
1061 1889 1229 1972 προςὸέχε-

214 1991 312 2053 σθαι.
363 1990 531 2076 Δημοφῶν
565 1989 600 2051 δὲ
627 1984 747 2053 τούτου
778 1991 839 2072 μὲν
871 1984 1043 2072 ῶλιγῶρει·
1075 1991 1230 2074 χρησμῶν

215 2091 249 2154 δὲ
283 2086 374 2172 αὐτῷ
407 2083 597 2175 νικηφόρων
632 2091 860 2170 γενηθέντων,
892 2084 951 2154 ἐάυ
987 2085 1230 2175 Δήμητριτὴν

123 2253 131 2260 .
215 2187 451 2272 εὐγενεστάτην
486 2190 667 2275 παρθένων
701 2187 830 2281 σφάξῃ,
868 2201 939 2267 τοῖς
969 2186 1080 2274 λόγοις
1104 2193 1230 2292 βαρέως

215 2295 322 2376 έσχιν·
353 2285 428 2357 οὔτε
456 2286 520 2377 γάρ
546 2293 634 2355 ὶὸίαν
662 2284 738 2355 οὔτε
764 2293 831 2356 τῶν
851 2293 998 2356 πολιτῶν
1013 2316 1106 2369 τινος
1121 2295 1230 2376 θυγα-

153 2409 191 2470 15
215 2399 294 2475 τέρα
317 2388 417 2478 χάριν
443 2394 510 2457 τῶν
533 2392 649 2456 ἱκετῶν
665 2385 862 2458 ἀποκτεῖναι
876 2393 1006 2458 δίκαιον
1019 2389 1132 2474 ἡγεῖτο
1171 2389 1230 2474 τὴν

214 2497 376 2577 μαντείαν
403 2496 436 2558 δὲ
463 2493 658 2577 προγνοῦσα
686 2495 745 2575 μία
779 2495 845 2556 τῶν
868 2487 1069 2579 Ἡρακλέους
1095 2499 1231 2571 παίδων,

217 2595 393 2676 Μακαρία,
421 2590 480 2659 τὸν
509 2587 667 2656 θάνατον
693 2597 846 2670 ἑκουσίως
869 2588 1004 2675 ὑπέστη.
1030 2592 1231 2681 ταῦτηνμλν

216 2683 278 2761 οῦν
310 2691 447 2776 εὐγενῶς
473 2688 727 2760 ἀποθανοῦσαν
753 2697 928 2780 ἐτίμησαν·
944 2693 1067 2764 αὐτοὶ·
1094 2699 1130 2764 δὲ
1155 2695 1232 2775 τοῦς

214 2799 391 2880 πολεμίους
422 2791 611 2881 ἐπιγνόντες
646 2793 816 2883 παρόντας
851 2803 895 2874 είς
927 2794 989 2878 τὴν
1025 2795 1138 2884 μάγην
1171 2796 1231 2884 ὥρ-

154 2907 195 2972 20
216 2921 327 2982 μησαν
365 2945 1231 2970 ...............

254 3243 362 3296 ΥΠΟΘ.
381 3263 405 3297 ν.
425 3253 466 3302 15.
486 3249 587 3312 ηγεῖται
605 3243 670 3296 libri.
689 3263 714 3298 v.
740 3245 780 3301 18.
798 3249 916 3314 ἐτίμησεν
933 3247 999 3300 libri.

552 3517 704 3527 m*-
710 3521 865 3534 ·“——-——--
