2588 4574
218 229 260 294 82
591 225 871 279 EURIPIDIS

220 392 359 477 σπείρας
376 383 408 454 τ’
428 382 600 473 οἷδελφούς
617 397 726 452 τοῖσιν
745 385 782 450 ἐκ
801 383 904 482 σέθεν
922 383 1050 462 τέκνοις

1189 397 1247 450 500

219 495 268 568 είς
285 481 388 555 ταῦτό
406 492 526 573 θείην,
545 485 602 553 καὶ
621 482 832 574 ξυναρτῆσας
850 484 949 570 γένος

218 585 466 676 εὐδαιμονοίην.
503 592 560 654 σοί
573 612 609 654 τε
626 584 692 676 γὰρ
710 590 844 654 παίδων
861 591 896 652 τί
911 589 982 667 θεί;

220 691 297 776 ἐμοί
311 715 348 756 τε
365 686 438 755 λυέι
455 701 542 756 τοῖσι
558 687 741 774 μέλλουσιν
759 686 889 765 τέκνοις

217 787 259 857 τοὶ
279 785 375 872 ζῶντ’
399 783 530 874 ὀνῆσαι.
566 792 642 874 μῶν
659 786 888 874 βεβούλευμαι
904 790 1035 868 κακῶς;

218 887 297 958 ov'd'
318 886 362 957 ἂν
381 886 424 957 σι)
444 895 567 977 φαίης,
587 897 622 956 εί
636 908 674 956 σε
691 887 737 976 μῆ
756 895 859 970 κνίζοι
877 888 984 975 λέχος.

1189 903 1244 957 565

218 987 295 1058 ἀλλ’
316 995 365 1069 είς
381 994 546 1058 τοσοῦτον
562 986 676 1075 ῆκεθ’,
696 983 777 1056 ὥστ’
797 985 1009 1077 ὀρθουμένης

218 1088 320 1178 εὐνῆς
338 1103 499 1176 γυναῖκες
518 1086 619 1157 πάντ’
641 1094 729 1176 ἔχειν
746 1094 906 1176 νομίζετε,

216 1187 261 1279 ῆν
279 1188 313 1260 θ’
333 1183 379 1259 αὖ
397 1190 533 1277 γένηται
551 1187 708 1277 ξυμφοραί
724 1215 772 1269 τις
791 1195 839 1268 είς
858 1187 965 1276 λέχος,

217 1289 259 1360 τὰ
277 1296 389 1385 λῷστα
406 1291 463 1359 καὶ
480 1290 639 1359 κάλλιστα
653 1288 882 1377 πολεμιώτατα

217 1399 367 1461 τίθεσθε.
403 1397 490 1482 χρῆν
507 1388 573 1480 χεὶρ
592 1388 739 1459 ἰίλλοθέν
756 1400 866 1459 ποθεν
883 1387 1029 1479 βροτούς
1054 1450 1059 1458 ,

1189 1407 1243 1460 570

218 1497 346 1573 παῖδας
364 1497 586 1578 τεκνοῦσθαι,
605 1497 698 1579 θῆλυ
717 1489 749 1558 θ’
769 1488 833 1559 οὐκ
852 1488 939 1559 εἶναι
955 1492 1070 1578 γένος·

217 1593 348 1682 χοῦτως
365 1590 409 1663 ἂν
427 1591 491 1662 οὐκ
508 1587 552 1680 ῆν
571 1590 676 1662 οὐδὲν
693 1589 887 1682 ἀνθρώποις
904 1591 1019 1661 κακόν.

651 1721 803 1773 ΧΟΡΟΣ.

213 1792 341 1883 Ἰἇσον,
361 1787 402 1864 εὖ
420 1794 483 1884 μὲν
500 1793 618 1865 τούσδ’
640 1793 826 1884 ἐκόσμησας
845 1793 982 1881 λόγους·

216 1893 306 1985 ὅμως
325 1891 360 1964 θ’
380 1902 511 1985 ἔμοηε,
530 1902 585 1965 κεί
600 1895 691 1985 παρα
710 1895 850 1985 χνοίμην
869 1898 946 1986 ἐρῶ,

217 2002 332 2076 δοκεῖς
350 1995 501 2085 προθούς
520 1996 586 2083 σῆν
603 1995 727 2085 ἄλοχον
745 1994 786 2065 οὐ
807 2001 920 2064 θίκαια
938 2000 1033 2085 δρᾶν.

1187 2014 1241 2068 575

285 2159 318 2208 V.
332 2161 389 2209 561.
410 2151 592 2225 ξυναρτῆσας
604 2158 659 2209 BG.
678 2150 859 2224 συναρτήσας
871 2159 904 2208 B.

284 2227 319 2277 V.
332 2228 468 2280 565-67.
492 2227 569 2276 hebet
581 2225 741 2276 Stobceus
760 2226 837 2279 dorii.
849 2225 966 2276 LXXIII.
980 2229 1021 2278 33.
1035 2226 1085 2276 vol.
1097 2227 1141 2278 111.
1154 2242 1182 2293 p.
1194 2229 1238 2279 48.

284 2294 317 2343 V.
331 2294 390 2345 565.
409 2292 500 2355 κνίζει
512 2293 573 2348 BG.

394 2353 482 2441 ἐχρῆν

283 2427 317 2481 V.
331 2429 389 2480 570.
413 2445 466 2495 χρη
480 2427 509 2480 Β.
532 2419 665 2494 pciplibri.
689 2418 719 2494 η’
738 2417 785 2495 ἄρ’
800 2428 975 2478 Porsenus.
999 2429 1087 2494 potius
1105 2415 1171 2496 τᾶρ’
1183 2429 1241 2481 vult

214 2494 454 2545 IIirchhoffius.

282 2562 315 2614 V.
328 2563 387 2612 572.
407 2553 497 2621 οὕτως
511 2557 542 2613 θ’
552 2549 589 2614 ἄν
600 2563 661 2613 BC.

282 2629 316 2678 V.
328 2631 387 2680 574.
405 2624 477 2694 λέγω
489 2629 515 2677 Β
523 2630 550 2680 0.

213 2760 429 2842 possentsscnf.
447 2762 539 2817 Electr.
554 2765 629 2815 1131.
647 2758 696 2815 τιέ-

213 2845 302 2894 νητας
315 2827 412 2889 ουδεὶς
423 2823 557 2896 βούλεται
567 2830 697 2882 κτᾶσθαι

213 2896 326 2962 φίλους.
344 2907 369 2946 et
384 2899 443 2948 vide
460 2913 527 2960 quse
543 2899 598 2948 dixi
616 2914 696 2964 supra

211 2965 245 3015 ad
263 2979 287 3017 v.
304 2967 364 3016 520.
381 2979 409 3031 ρ’.
428 2967 468 3019 77.
487 2975 511 3016 et
532 2965 600 3016 infre
622 2967 655 3018 ad
671 2983 695 3016 v.

211 3034 271 3084 615.
283 3049 310 3098 p.
323 3034 366 3084 88.

245 3101 278 3150 V.
292 3102 343 3152 560
355 3117 414 3164 sqq.
432 3101 509 3150 Recte
520 3099 695 3167 PIlugkius

211 3169 364 3218 sententiam
387 3168 480 3217 horum
500 3169 636 3219 verborum
658 3172 695 3218 sic

210 3235 334 3285 reddidit:
371 3233 408 3282 Ut
430 3234 550 3284 fratres
579 3236 693 3285 liberis

211 3314 248 3350 ex
273 3311 302 3350 te
322 3301 487 3365 susceptis
514 3316 692 3366 procreans

210 3367 317 3418 ecdem
333 3377 491 3431 utrosque
508 3369 578 3419 loco
595 3368 692 3419 hebe-

209 3448 273 3486 rem
302 3443 331 3484 et
360 3437 548 3486 consocIeta
579 3436 693 3487 subole

208 3501 353 3552 feliciter
389 3512 523 3554 aetatem
558 3519 692 3569 agerem.

210 3567 262 3620 Sed
282 3569 353 3633 quod
373 3571 450 3620 verba
469 3586 495 3623 v.
515 3573 574 3623 562.
596 3570 644 3622 σοί
661 3587 693 3623 τε

209 3629 263 3701 peip
279 3634 395 3688 παίδων
412 3637 443 3689 τί
462 3637 524 3704 θεῖς
551 3641 589 3690 sic
610 3640 695 3704 expli-

209 3717 267 3752 cere
279 3705 371 3765 voluit,
385 3715 414 3756 ut
428 3706 582 3757 referrentur
593 3708 627 3757 ed
639 3708 694 3757 Me·

208 3768 271 3819 deae
291 3770 400 3832 liberos,
422 3788 488 3835 quos
509 3776 561 3824 Iam
578 3775 692 3839 haberet,

208 3850 261 3886 non
277 3837 311 3887 ed
322 3838 430 3900 liberos,
447 3856 513 3902 quos
530 3857 613 3893 novos
649 3857 693 3892 rc-

208 3914 305 3954 creeret
333 3907 400 3971 ipse,
431 3907 511 3958 falsus
541 3920 588 3960 est.
626 3857 692 3959 iiam

207 3971 286 4021 verba
314 3971 390 4038 haec,
425 3990 505 4036 quum
533 3987 626 4042 egetur
659 3978 692 4027 de

164 4048 167 4053 ·
207 4041 386 4104 procreatione
422 4041 572 4104 liberorum,
614 4044 690 4094 aliam

207 4108 359 4158 sententiam
388 4108 482 4160 hebere
509 4125 558 4161 non
580 4123 690 4177 possunt

753 2774 830 2845 etque
844 2766 874 2814 A.
894 2767 1046 2845 Matthiae
1068 2767 1101 2815 iis
1118 2767 1239 2846 subiecit,

753 2848 797 2895 qut
821 2843 888 2883 recte
911 2843 998 2884 vertit:
1030 2848 1130 2896 neque
1153 2849 1240 2884 enlm

752 2901 812 2950 tibi
828 2901 905 2951 eliis
923 2901 1037 2951 liberis
1056 2915 1135 2966 epus
1150 2911 1207 2954 est.

776 3002 809 3052 V.
821 3003 879 3054 563.
893 2994 975 3068 ἐμοί
984 3017 1019 3054 τε
1032 2993 1121 3070 λύει]
1136 2993 1240 3054 λύειν

752 3084 800 3134 pro
818 3070 977 3122 λυσιτελεῖν
999 3070 1136 3119 illustravit
1151 3069 1239 3120 Mon-

751 3137 825 3186 kius
843 3137 876 3187 ad
893 3137 998 3202 Hippoi.
1015 3138 1075 3188 443.
1109 3134 1148 3187 Gf.
1168 3137 1238 3188 inda

752 3205 826 3258 1101.
839 3203 869 3254 G.
879 3205 910 3256 Η.
921 3203 1085 3256 Schaefer.
1098 3204 1133 3254 ed
1144 3202 1237 3256 Lemb.

750 3270 811 3320 Bos·
831 3270 921 3336 Ellips.
938 3287 965 3337 p.
978 3274 1038 3323 446.
1057 3271 1238 3334 Schneider

749 3338 782 3386 ed
811 3337 931 3402 Xenoph.
956 3340 1040 3390 Anab.
1064 3340 1107 3390 III.
1131 3342 1162 3402 4,
1192 3343 1236 3393 36.

748 3419 869 3455 perdex.

783 3505 815 3558 V.
833 3508 891 3557 570.
916 3505 1001 3574 χρῆν
1019 3499 1083 3572 γὰρ
1099 3497 1173 3574 scd]
1194 3507 1235 3560 Cf.

748 3572 851 3639 Hippoi.
864 3575 914 3624 616
927 3591 985 3637 sqq.
1002 3574 1138 3624 Luciani
1151 3590 1236 3628 emor.

749 3640 774 3703 ἓ.
800 3642 842 3693 38.
873 3641 988 3691 Ceterum
1013 3637 1067 3706 χοίρ
1091 3657 1143 3693 non
1166 3643 1236 3694 male

748 3709 853 3773 copulat
878 3708 904 3758 h.
926 3710 942 3760 l.
964 3710 1118 3759 sententies:
1149 3711 1235 3761 ‘Vos

749 3777 875 3839 quidem
903 3778 1109 3827 matrimonio
1143 3777 1235 3829 laeso

749 3844 853 3893 omnia
875 3859 968 3895 caeco
991 3845 1063 3896 odIo
1080 3846 1234 3910 persequi

748 3910 875 3963 soletis.
901 3911 975 3962 Nem
992 3922 1025 3962 ut
1041 3913 1122 3962 malo
1142 3927 1234 3962 cere-

747 3987 793 4027 ret
813 3980 879 4028 vita
899 3980 1049 4040 humana,
1071 3995 1132 4031 non
1158 3996 1233 4031 esse

748 4047 1230 4114 oportebatgenusmulierum'.

746 4128 867 4168 escucx.
