2588 4574
147 220 208 285 126
530 222 783 275 EURIPIDIS

196 379 342 471 ὄλεθρον
358 385 455 472 βιοτᾷ
471 378 651 471 προσάγεις
669 379 781 476 ἆλόχφ

194 510 231 552 τε
249 488 293 575 σᾷ
311 481 476 574 σταγερδν
492 481 653 553 θάνατον.

195 582 361 674 δύστανε,
378 591 499 675 μοίρας
517 581 601 654 ὅσον
619 591 780 674 παροίχει.

538 704 716 782 ύντιστροφή
735 705 770 780 β’.

193 805 432 894 μεταστένομαι
449 803 488 875 δὲ
506 802 568 873 σόν
585 803 706 892 ἄλγος,
724 796 752 873 ὦ
769 804 910 883 τάλαινα
928 808 1060 873 παίδων

193 911 316 997 μᾶτερ,
334 903 356 975 ἃ
374 905 551 995 φονεύσεις

192 1007 294 1077 τέκνα
310 1013 504 1097 νυμφιδίων
523 1010 639 1077 ἕνεκεν
657 1009 792 1096 λεχέων,

193 1108 216 1178 δι’
233 1131 285 1179 σοι
302 1108 477 1198 προλιπών
495 1105 629 1197 ἀνόμοις

193 1209 280 1303 ἄλλα
296 1215 445 1293 ξυνοικεῖ
459 1208 558 1292 πόσις
577 1210 745 1304 σονεύνφ.

508 1341 792 1393 ΠΑΙΔΑΓΩΓΟΣ.

142 1411 307 1502 δέσποιν’,
325 1412 480 1503 ἀφεῖνται
497 1418 616 1495 παῖδες
633 1418 706 1484 οἵδε
723 1436 776 1483 σοι
792 1419 918 1503 φυγῆς,

140 1515 198 1584 καὶ
215 1520 310 1605 δῶρα
326 1515 444 1604 νύμφη
460 1516 591 1603 βασιλὶς
610 1513 738 1604 ἀσμένη
755 1530 871 1607 χεροῖν

142 1614 286 1700 ἐδέξατ’*
315 1615 433 1708 εἰρήνη
450 1615 489 1686 δὲ
506 1614 665 1687 τύκελδεν
683 1617 821 1699 τέκνοις.

560 1749 737 1802 ΜΗΔΕΙΑ.

141 1825 189 1889 ἔα.
504 1915 793 1968 ΠΑΙΔΑΓΩΓΟΣ.
902 1938 904 1943 ·

138 1984 396 2079 τι’σογχνθεϊσ’
417 1991 573 2077 ἕστηκας,
593 1987 685 2077 ἡνίκ’
705 1987 877 2077 εύτνχελς;

138 2097 175 2160 τί
189 2089 253 2179 σὴν
270 2096 413 2181 ἔτρεψας
433 2097 575 2179 ἔμπαλιν
592 2095 742 2182 παρηίδα

855 2237 874 2271 α

205 2290 238 2338 V.
251 2290 310 2341 979.
332 2279 457 2355 ὄλεθρον
475 2289 503 2340 G.
527 2280 664 2354 ὀλέθριον
681 2289 766 2341 ceteri.
791 2273 893 2354 βιοτδιν
905 2287 934 2338 Β.
959 2278 1062 2353 βιοτὰν
1072 2288 1158 2343 ceteri.

139 2355 343 2408 Scholiasten
356 2346 481 2420 ὄλεθρον
496 2382 530 2392 -
546 2354 630 2422 βιοτᾷ
644 2357 739 2422 legisse
756 2365 823 2406 reeta
834 2355 961 2407 conclusit
973 2355 1159 2407 Elmsleius.

206 2425 240 2475 V.
253 2425 313 2478 980.
330 2422 454 2491 στνγερᾷ
465 2418 603 2491 στννερδν
615 2423 645 2474 Ε.

204 2494 238 2544 V.
251 2493 310 2543 983.
329 2484 463 2558 φονεύεις
477 2492 527 2542 Bb.
547 2485 700 2556 φονεύσεις
713 2492 739 2542 Β
751 2502 776 2542 et
788 2493 879 2554 ueteri,
890 2502 919 2542 ut
929 2492 1038 2544 ridetur.

206 2561 239 2613 V.
252 2560 311 2613 984.
330 2555 417 2611 τέκνα
429 2560 495 2614 libri.
514 2551 649 2612 τὰτέκνα
662 2559 818 2610 Musurus.

187 2628 238 2745 dV.
256 2629 316 2678 990.
345 2628 547 2678 interiectionem
570 2627 628 2676 libri
647 2628 764 2677 tribuunt
782 2627 902 2692 Medeae,
926 2625 1157 2678 Kirehhoiiiue

156 2708 301 2750 maon

136 2711 154 2762 p
205 2709 311 2817 &aa
330 2756 470 2827 ἔστρεφας
482 2762 567 2814 BBO.
587 2757 710 2830 ἔτρεψας
722 2763 807 2812 ceteri.

135 2915 220 3036 Ιρλιὶς.
231 2915 308 2966 Taur.
319 2916 377 2967 839.
390 2906 445 2980 ἔγω
454 2907 508 2981 ἐγω
520 2910 619 2980 μέλεος
670 2923 753 2980 φασα
765 2910 871 2980 λευκὴν
883 2909 1007 2980 ἔμπαλιν
1015 2913 1157 2996 παρηίδα,

135 2975 195 3037 οδ’
211 2974 260 3035 ὅτε
302 2977 430 3049 α’σγοινον
446 2978 525 3050 Δέρα
540 2980 619 3050 θῆκέ
670 2974 751 3035 Κούκ
763 2973 873 3049 οἰομένη
885 2974 968 3036 τόνδ’
981 2974 1012 3047 ἐξ
1025 2975 1095 3049 ἔριον
1108 2978 1156 3035 δὲ·

135 3067 184 3119 μοι
206 3051 273 3118 μελε
292 3067 373 3118 φρων
392 3044 495 3119 πατήρ.
521 3051 618 3102 Heraei.
670 3066 715 3118 χει
740 3042 839 3118 λύγονς
867 3052 902 3101 At
925 3054 992 3101 enim
1015 3052 1157 3101 reetIssima

135 3121 177 3172 63.
187 3111 286 3185 βούλει
296 3115 387 3172 πόκον
396 3135 445 3184 μοι
454 3118 524 3185 τῇδε
532 3132 619 3186 προσ·
669 3119 713 3179 fit,
740 3129 768 3169 ut
783 3119 859 3168 lason
881 3129 906 3168 et
922 3119 1092 3185 paedagogus
1113 3132 1155 3169 ea·

134 3187 236 3240 θεῖναι
264 3186 341 3253 μερίς
369 3188 403 3236 ad
430 3202 506 3249 quem
533 3187 618 3236 laeum
669 3187 728 3237 dem
751 3188 865 3236 oratione
885 3188 1012 3252 accipiant
1028 3186 1154 3252 Medeam,

134 3256 193 3305 vide
212 3268 279 3317 quae
299 3253 430 3303 adnotavit
445 3252 617 3320 Pilugkius
669 3255 731 3316 quia
747 3255 805 3318 ipsa
824 3255 976 3318 inutraque
995 3268 1090 3305 scaena
1109 3254 1155 3305 de·

134 3337 161 3388 p.
185 3322 227 3372 st.
251 3320 292 3371 ed.
316 3336 379 3378 seo,
407 3320 499 3382 quibua
527 3322 620 3371 adiecit
670 3322 745 3371 bebat
773 3321 863 3370 eodem
890 3336 999 3388 prorsus
1023 3321 1102 3373 modo
1126 3336 1155 3372 se

135 3389 166 3438 A.
182 3387 337 3437 Matthiae
353 3387 425 3436 Here.
443 3386 493 3439 fur.
513 3390 561 3439 178
578 3404 617 3451 aq.
670 3404 766 3455 gerere.
795 3388 884 3452 Itaque
900 3400 998 3441 tautum
1019 3390 1106 3453 abest,
1127 3400 1155 3439 ut

135 3457 209 3509 τοῖσι
232 3452 285 3521 γῆς
313 3446 490 3534 βλριρτήμαρι
513 3454 618 3575 Pilatus
669 3456 736 3507 male
757 3455 807 3506 hoe
830 3457 922 3509 fecisse
941 3458 1059 3508 videatur
1078 3457 1154 3507 Euri-

135 3526 350 3590 πλενρολςπτην
365 3522 547 3590 εναρμοσαςβ

136 3593 170 3644 ad
182 3607 257 3656 quem
268 3591 353 3641 locum
364 3590 423 3641 vide
434 3590 617 3658 Piiugkium
668 3595 789 3644 stantiam
800 3608 927 3659 personae
944 3594 1012 3659 eiua,
1030 3608 1096 3657 quae
1106 3607 1154 3659 αρν

134 3676 160 3726 p.
173 3659 349 3713 35.P1aton.
363 3658 466 3738 Protag3
478 3675 505 3725 p.
515 3660 574 3740 934.
585 3659 614 3710 B.
667 3660 788 3727 pellatur,
830 3663 933 3728 egregie
972 3670 1154 3728 repraesentet.

563 3526 616 3590 λη..
667 3525 756 3591 pines,
775 3534 803 3575 ut
813 3525 863 3575 hoe
875 3526 951 3589 quasi
966 3526 1075 3576 artifieio
1091 3539 1154 3576 eou-

43 3728 46 3735 '
134 3729 194 3786 τοῑς
210 3721 264 3792 μὲν
283 3720 394 3790 ἔξωθεν
415 3741 616 3806 τονισωματος
667 3728 756 3792 Neque
779 3730 847 3778 enim
870 3740 1003 3795 poterant,
1032 3730 1060 3781 id
1082 3726 1153 3792 quau

135 3787 252 3861 ἀγαθόν
264 3785 322 3845 ἐστι
334 3793 373 3845 τῶ
386 3785 539 3864 ἄνθρωπφ.
667 3811 746 3862 saepe
761 3796 813 3845 iam
830 3798 902 3863 dieo,
919 3799 974 3849 eius
990 3798 1062 3848 modi
1078 3811 1154 3863 repa·

168 3862 200 3911 V.
212 3863 262 3913 992
279 3877 319 3924 sq.
346 3846 441 3912 Iniuria
461 3861 509 3912 hoe
526 3878 616 3913 versus
666 3865 770 3914 titiones
791 3865 910 3927 cuiquam
930 3881 989 3917 ease
1006 3865 1152 3925 offensioni,

135 3930 318 3994 suppositioios
336 3944 393 3979 esse
409 3930 618 3981 existimaverunt
668 3933 788 3995 quirem
814 3943 883 3982 reete
909 3936 1044 4000 reputavit.
1086 3931 1152 3983 Nam

134 3996 223 4057 eritiei,
247 3997 318 4059 quod
340 4012 419 4062 supra
442 4011 466 4050 v.
487 3999 537 4049 999
559 4013 617 4061 sqq.
667 4000 754 4065 priora
768 4000 846 4050 verba
863 4016 895 4050 ne
910 4001 1030 4067 leguntur
1047 4002 1152 4066 quidem

134 4062 243 4142 dixisset
252 4065 343 4115 Iaaou:
358 4054 446 4145 Λύτη,
459 4064 490 4115 τί
498 4064 618 4131 χλωροῖς
668 4067 759 4117 eodem
781 4068 858 4118 modo
883 4070 1017 4133 utrobique
1041 4080 1066 4121 et
1089 4069 1151 4133 quid

135 4129 271 4197 δακρύοις
287 4128 397 4198 τέγγεις
409 4149 509 4200 κορας,
530 4130 618 4201 Στρὲ-
669 4145 737 4186 vetat
752 4131 867 4201 τρέπειν
880 4131 1003 4203 ἔμπαλιν
1019 4134 1151 4203 παρηίδα
