2566 4574
481 240 664 292 nnana
1059 247 1080 310 3

133 395 182 465 Τό
198 400 316 485 δρᾶμα
331 399 428 463 δοκεῖ
436 392 670 482 ὑποβαλέσθαι
684 398 774 487 παρά
789 400 988 488 Νεόφρονος
1002 409 1078 473 δια-

56 496 239 580 σκευάσας,
259 493 306 576 ὥς
321 504 525 583 Δικαίαρχος
545 495 596 586 [ἐν
614 498 644 565 α’
661 499 750 589 περὶ]
770 507 832 570 τοὺ
849 508 908 589 τῆς
922 501 1079 584 Ἑλλάδος

54 607 128 685 βίου
152 598 218 666 καὶ
241 596 472 684 Ἀριστοτέλης
497 600 534 666 ἐν
557 588 784 688 ὑάομνήμασι.
826 605 1014 691 μέμφονται
1041 605 1079 673 δὲ

54 698 145 792 αὑτῷ
178 697 222 767 τό
254 695 303 786 μὴ
339 700 569 784 πεφυλακέναι
598 699 662 787 την
691 700 870 792 ὑπόκρισιν
903 703 964 791 την
997 705 1079 794 Μή-

53 806 161 887 δεια-ν,
190 797 285 866 άλλά
302 813 486 885 προπεσεῖν
505 805 553 880 είς
576 800 725 889 δάκρυα,
753 799 810 872 ὅτε
834 806 1115 890 teramnanae

52 899 170 972 Ἰάσονι
198 902 262 968 καὶ
294 904 337 989 τῇ
368 908 513 986 γυναικί.
554 903 734 972 ἐπαινεῖται
755 905 794 973 δὲ
818 903 838 992 ἡ
864 907 999 994 εἰσβολὴ
1025 907 1079 976 διά

52 1002 85 1071 τό
104 1006 313 1088 παθητικῶς
338 999 426 1086 άγαν
451 1007 557 1090 ἔχειν,
587 1005 644 1070 καὶ
667 1002 687 1090 ἡ
713 1009 932 1093 ἐπεξεργασία
962 1006 1010 1094 (v.
1032 1007 1080 1096 3.)

52 1102 141 1191 μηδ’
179 1106 229 1171 ἐν
268 1101 461 1189 νάπαισι,
497 1104 554 1170 καὶ
587 1103 628 1172 τά
660 1107 743 1192 ἔξης.
797 1107 879 1194 ὅπερ
911 1105 1081 1194 ἀγνοήσας

114 1420 150 1470 V.
164 1421 191 1468 1.
212 1409 260 1467 Τὸ
276 1415 392 1479 δρᾶμα
406 1412 763 1483 δοκεῐὺποβαλὲσθαι
776 1415 1082 1488 παράΝεόφρονος

53 1479 316 1550 διασκευάσας]
348 1484 390 1532 Sic
410 1495 478 1534 recte
502 1485 638 1536 Elmsleins
660 1487 728 1537 hunc
748 1489 833 1538 locum
853 1492 986 1540 constituit
1009 1492 1082 1541 addi-

53 1555 166 1604 centibus
185 1552 244 1601 fere
261 1553 398 1600 verborum
415 1553 542 1618 vestigiis,
561 1569 626 1615 qnae
644 1565 704 1604 sunt
720 1556 839 1608 inlibris.
865 1559 965 1610 Etenim
977 1559 1082 1624 Euripi-

52 1623 106 1671 dem
118 1619 339 1685 Neophronis
353 1617 468 1682 Sicyonii
477 1620 566 1670 Medea
578 1621 685 1671 abusum
700 1639 757 1673 esse
768 1625 795 1673 in
805 1627 983 1691 componenda
993 1626 1082 1676 Medea

54 1705 96 1739 sno
106 1689 222 1738 tradunt
233 1689 313 1735 etiam
327 1685 370 1735 alii
381 1687 529 1766 scriptores,
543 1688 619 1738 veluti
629 1688 790 1755 Diogenes
804 1691 951 1743 Laertius
964 1695 996 1743 Π.
1011 1695 1080 1753 132.,

69 1759 93 1806 ni
104 1757 138 1806 de
156 1753 316 1804 Menedemo
335 1754 408 1809 dicit:
433 1768 502 1807 ωστε
519 1754 674 1808 πταίουσιν
691 1753 721 1808 οἱ
736 1755 866 1824 λέγοντες
903 1756 974 1826 ηδὲν
991 1752 1082 1811 αὑτὸν

55 1817 256 1892 ονεγνωκὲναι
269 1814 347 1888 πλὴν
359 1819 409 1888 τῆς
422 1821 559 1901 Μηδείας
571 1823 622 1888 τῆς
635 1816 808 1888 Εὐριπίδου,
825 1815 863 1890 ἣν
876 1778 906 1877 h
919 1829 979 1885 τοῖς
994 1822 1083 1892 [ἔνιοι

55 1894 160 1942 coniecit
185 1885 375 1954 Menagius]
403 1890 572 1954 Νεοφρονος
591 1885 666 1941 εἶναι
684 1891 735 1942 τοὺ
753 1893 917 1944 Σικυωνίου
936 1892 1040 1957 φασίν,
1059 1903 1085 1943 et

55 1958 188 2010 Suidas:
209 1957 243 2009 Ν
249 1954 386 2020 εοφρῶν
399 1983 430 1991 -
444 1951 614 2018 Σικυώνιος,
628 1950 772 2024 τραγικός,
786 1947 821 2010 οὑ
835 1957 927 2024 φασὶν
940 1953 1083 2026 εἶναιτὴν

55 2019 224 2091 Εὐριπίδου
237 2017 387 2090 Μήδειαν,
405 2013 438 2082 ὃς
453 2023 563 2089 πρῶτος
581 2021 716 2092 εἰσήγαγε
728 2022 934 2094 παιδαγωγοὺς
946 2024 996 2079 καὶ
1008 2023 1083 2080 οἰκε-

55 2094 108 2145 τῶν
125 2088 272 2160 βάσανον.
298 2091 336 2139 De
354 2091 516 2156 Neophronis
529 2093 633 2142 Medeae
645 2096 760 2156 reliqniis
773 2097 840 2144 conf.
855 2098 933 2162 Aug.
947 2095 1081 2145 Nanckii

57 2162 230 2223 Trnpieorum
245 2159 338 2208 Graec.
349 2160 444 2222 frapm.
459 2176 485 2225 p.
500 2162 551 2210 565
564 2176 622 2225 sqq.

119 2246 155 2296 V.
176 2247 204 2294 2.
235 2234 280 2299 ὥς
302 2241 521 2309 Δικαίαρχος
543 2236 586 2307 [ἐν
607 2235 633 2294 α’
654 2241 733 2310 περὶ]
760 2244 818 2297 τοὺ
841 2245 900 2311 τῆς
919 2239 1083 2303 Ἑλλάδος

54 2311 145 2381 βίον]
165 2313 197 2361 In
216 2310 291 2359 libris
309 2311 361 2360 fere
378 2311 470 2374 legitur
487 2305 525 2367 ὑς
543 2309 712 2377 δικαίαρχος
730 2312 781 2364 τοὺ
800 2329 830 2364 τε
844 2307 986 2372 Ἑλλάδος
1007 2312 1082 2379 βίον,

55 2383 145 2443 quihus
160 2382 187 2427 in
204 2378 292 2427 verbis
304 2379 390 2426 inesse
401 2388 499 2442 partem
513 2393 587 2427 verae
597 2381 774 2444 inscriptionis
787 2378 914 2445 περὶτοῦ
925 2373 1083 2446 τῆςἙλλά-

54 2447 102 2508 δος
121 2446 200 2511 βίου.
210 2454 333 2510 apparet.
358 2445 422 2493 Illud
440 2447 520 2504 enim,
534 2447 604 2506 qnod
617 2449 724 2497 coniecit
737 2448 974 2508 Kirchhoffins,
988 2450 1084 2512 recepit

53 2513 234 2565 Dindorfiu
242 2529 266 2570 s,
279 2504 311 2562 ἒν
321 2510 360 2581 τῷ
371 2509 437 2575 περὶ
446 2506 585 2572 Ἑλλάδος
595 2511 661 2578 βίον
671 2531 758 2564 verum
769 2529 886 2565 essenon
897 2525 1083 2579 potest‚qu0n-

53 2586 100 2633 iam
120 2583 215 2650 plnres
233 2581 290 2658 libri
305 2580 373 2629 illins
392 2582 476 2645 operis
494 2580 609 2641 fuerunt,
629 2598 705 2644 quarn
725 2583 756 2632 ab
773 2594 884 2632 remant
901 2576 1083 2646 ίντοῑςπερλ

53 2651 102 2703 τοῦ
121 2650 177 2716 τῆς
191 2642 338 2706 Ἑλλάδος
355 2645 421 2712 βίον
438 2649 599 2697 scribendum
619 2661 682 2703 erat.
705 2662 733 2699 nt
749 2662 788 2700 est
803 2651 874 2715 apud
886 2649 1083 2699 Athenaeum

53 2721 94 2770 lib.
116 2719 192 2768 XIII.
216 2731 244 2781 p.
260 2716 319 2766 636.
334 2713 375 2775 0.,
393 2726 436 2764 arrt
451 2715 505 2766 iere
521 2717 559 2766 sic
576 2707 606 2767 ἕν
623 2711 722 2784 πρώτῳ
740 2714 868 2782 περὶτοῦ
882 2709 1084 2783 τῆςἚλλάδος

54 2787 127 2851 βίου,
146 2795 176 2834 nt
196 2793 236 2832 est
253 2781 324 2863 apud
341 2783 534 2833 Athenaeum
553 2784 595 2834 lib.
614 2784 684 2836 XIII.
702 2801 728 2850 p.
743 2787 801 2836 557.
820 2785 850 2834 B.
868 2777 900 2836 ἒν
915 2783 1001 2849 τρίτῳ
1017 2781 1084 2847 περὶ

54 2854 103 2905 τοὺ
117 2853 172 2919 τῆς
185 2843 329 2908 Ἑλλάδος
346 2847 419 2914 βίον.
445 2852 474 2901 Id
490 2852 554 2900 adeo
573 2843 605 2902 ἐν
623 2847 650 2902 α’
661 2849 727 2917 περὶ
741 2851 792 2904 τοῦ
805 2851 855 2916 τῆς
864 2845 1004 2910 Ἑλλάδος
1016 2848 1085 2915 βίον

55 2924 114 2971 olim
127 2921 172 2970 hic
186 2920 316 2983 seriptum
329 2917 410 2966 fuisse
428 2921 528 2984 opinor.
554 2917 670 2968 Ceterum
687 2919 755 2969 conf.
768 2921 800 2968 A.
815 2920 842 2967 F.
857 2918 961 2968 Naelre
973 2921 1000 2967 in
1012 2918 1082 2966 Mae.

56 2991 171 3040 Rhenum
187 3002 213 3036 a.
227 2984 452 3036 MDGGGXXXII.
466 2989 603 3051 p.40sqq.
623 2988 708 3034 Marx
721 2988 761 3034 De
773 2987 934 3034 Dicaearcho
946 2987 972 3032 in
987 2983 1085 3034 Gren-

56 3059 119 3106 zeri
133 3057 273 3107 Meletem.
287 3069 313 3118 p.
326 3053 368 3100 lll.
381 3056 407 3106 4.
425 3069 451 3118 p.
465 3056 514 3104 173
527 3070 584 3116 sqq.
1072 3072 1075 3077 ·

123 3142 157 3190 V.
177 3143 204 3190 3.
231 3131 466 3203 Ἀριστοτέλης
484 3130 520 3188 ἐν
536 3130 773 3202 ὑπομνήμασι]
787 3134 859 3185 Conf.
873 3135 943 3184 Ern.
957 3134 1086 3198 Koepke

57 3210 94 3260 De
106 3207 317 3273 hypomnematis
330 3205 437 3256 Graecia
449 3205 544 3267 (Berol.
559 3206 632 3254 1842.
645 3203 684 3267 4.)
698 3220 723 3268 p.
735 3206 774 3252 11.
789 3213 813 3253 et
824 3203 989 3252 Valentini
1001 3202 1087 3251 Rose

58 3278 219 3326 Anietotelee
231 3273 472 3337 pseudepipraphac
484 3289 510 3338 p.
524 3274 573 3323 661
588 3287 645 3333 sqq.

124 3360 158 3408 V.
180 3360 208 3407 4.
244 3348 282 3406 τὸ
304 3351 348 3422 μὴ
368 3352 616 3420 πεφυλακέναι
638 3347 701 3417 την
723 3347 909 3418 ὑπόκρισιν
930 3347 991 3433 την
1010 3343 1086 3419 Μή-

58 3425 173 3491 δειαν]
194 3425 310 3474 Pertinet
321 3424 371 3472 hoc
383 3425 415 3472 ad
428 3424 504 3472 huius
517 3424 568 3472 fab.
586 3439 608 3470 v.
622 3425 672 3472 922
686 3439 744 3485 sqq.
769 3448 801 3458 -
826 3414 888 3487 τὴν
905 3415 1085 3485 Μηδειαν]
1135 3461 1137 3466 .

58 3492 317 3548 [nunechius.
332 3489 366 3556 τῇ
376 3489 497 3557 Μηδείᾳ
508 3490 573 3538 libri.

127 3564 159 3614 V.
175 3564 202 3613 5.
232 3561 432 3622 προπεσεῖν]
454 3556 688 3606 Kirohhoffins.
713 3559 883 3620 notaacnota
896 3556 962 3603 libri.
986 3556 1088 3604 πεσεῖν

59 3630 256 3679 Branckins.
320 3657 323 3662 -

126 3715 160 3761 V.
176 3713 205 3762 8.
237 3699 322 3773 ὅπερ
347 3702 523 3774 άγνοήσας
551 3707 750 3774 Τιμαχίδας
774 3697 853 3770 aci]
888 3705 983 3754 Eadem
1007 3703 1086 3769 paulo

60 3784 164 3832 uberius
180 3790 351 3844 exponuntur
362 3778 389 3825 in
402 3775 460 3826 Sch
469 3777 505 3826 ol.
518 3777 551 3826 aci
563 3777 641 3826 huius
654 3776 705 3824 fab.
719 3775 786 3835 v.1.,
799 3775 849 3822 nisi
863 3774 932 3835 qnod
942 3769 1086 3837 Τίμαρχος

10 3844 12 3857 “
59 3852 92 3900 ihi
104 3850 237 3914 scriptum
252 3855 292 3894 est
302 3859 350 3910 pro
366 3844 543 3910 Τιμαχίδας,
562 3845 632 3906 qnod
644 3845 730 3908 ipsum
743 3857 835 3890 nomen
847 3843 882 3890 ibi
896 3855 999 3904 quoque
1010 3853 1086 3904 repo-

61 3918 175 3967 nendum
195 3929 255 3964 esse
272 3912 304 3966 A.
318 3913 581 3961 Westermannus
599 3922 666 3961 recte
682 3911 769 3959 docuit
786 3910 819 3957 ad
832 3909 861 3958 G.
880 3910 899 3956 l.
913 3908 1024 3957 Vossii
1040 3906 1085 3954 lib.

61 3988 90 4036 de
107 3986 204 4035 λαἐίσε,
225 3981 319 4031 Graec.
339 3981 358 4029 I.
377 3995 403 4044 p.
419 3981 467 4031 143
486 3996 526 4041 eq.
545 3979 604 4027 adn.
624 3981 666 4030 22.
690 3977 776 4026 Multis
794 3977 860 4024 enim
882 3991 960 4038 quum
978 3975 1086 4022 aliorum

63 4054 222 4118 ecriptorum
247 4059 301 4096 tum
325 4048 480 4096 Athenaei
504 4047 567 4096 locis
590 4045 633 4095 hic
656 4046 846 4110 grammaticus.
864 4049 1086 4098 commemoratur,

63 4123 137 4169 etiam
149 4120 178 4168 in
195 4114 304 4167 Schol.
318 4115 351 4163 ad
362 4114 439 4164 huius
452 4115 504 4165 fab.
519 4131 542 4164 v.
558 4115 615 4163 167.

843 4194 883 4254 1*
