2566 4574
217 282 268 328 XII
622 278 832 326 Psanrarro.
906 306 909 311 ·

323 415 482 511 Μολόντι
501 412 533 477 δ’
558 407 649 498 αὐτῷ
671 409 870 496 μαλθακοὺς
892 412 974 491 λέξω
997 412 1130 494 λόγους,

323 508 367 591 ὥς
388 539 445 597 μοι
467 517 562 580 δοκεῖ
581 515 623 579 κά
645 513 673 578 τ’
699 512 785 578 ἄλλα
806 511 864 577 καί
884 515 926 576 τά
949 510 1033 597 πρὸς
1054 516 1153 588 νέους

321 618 451 699 γάμους
472 618 666 699 τυράννων,
692 611 751 691 οὓς
773 613 922 699 προὸοάς
944 611 1030 699 ἡμᾶς
1052 617 1129 698 ἔχει,

323 717 381 782 καὶ
403 714 551 801 ξάμφορ’
576 713 663 783 εἶναι
685 718 742 782 καὶ
763 716 876 792 καλῶς
894 718 1107 800 εἰργασμένα.

216 844 300 908 quae
328 830 438 884 tamen
459 823 585 886 incerta
607 823 715 885 omnia
743 831 829 885 sunt.
874 819 916 882 V.
940 819 1002 883 820
1025 841 1072 904 sq.
1096 819 1238 884 Weilius

216 924 263 988 sic
288 923 387 989 scribi
410 932 508 1008 atque
529 924 718 1006 interpungi
732 923 851 986 voluit:
875 923 969 1005 θεῶν
991 920 1108 995 παῖδες
1127 921 1238 1002 μακά-

216 1047 287 1107 ρων
317 1024 408 1105 ίεροῖς
430 1024 443 1110 ΙΙ
463 1022 574 1106 χώρας
601 1022 801 1107 ἀπορθήτου
824 1019 850 1085 τ’
878 1019 961 1103 άπο,
992 1022 1198 1105 φερβόμενοι
1222 1025 1236 1109 Η

215 1126 438 1189 κλεινοτάταν
459 1128 585 1207 σοφίαν
608 1126 687 1207 uva,
710 1148 809 1211 quam
830 1126 989 1188 rationem
1010 1125 1143 1188 minime
1164 1148 1238 1210 pro-

214 1229 295 1293 bare
317 1250 461 1313 possum.
498 1227 584 1292 Nam
605 1229 747 1312 primum
767 1228 833 1290 ista
855 1225 1047 1311 appellatio:
1069 1222 1237 1308 Ἐρεχθεΐ-

215 1328 272 1392 duc
294 1320 332 1392 τὸ
354 1326 500 1394 παλαιὸν
522 1325 631 1413 ὄλβιοι
645 1326 703 1392 καὶ
717 1330 811 1391 θεῶν
827 1327 943 1401 παῖδες
965 1327 1142 1410 μακάρων,
1166 1330 1236 1392 eius

214 1431 303 1494 modi
325 1440 390 1510 est,
419 1440 455 1494 ut
482 1454 541 1516 per
569 1454 604 1495 se
632 1440 783 1495 constare
811 1430 943 1510 debeat,
972 1442 1042 1494 tum
1064 1452 1143 1494 vero
1171 1455 1238 1495 non

214 1533 310 1596 video
334 1555 392 1597 cur
415 1534 479 1597 dici
506 1555 570 1597 non
598 1534 755 1618 potuerit:
789 1531 879 1613 ίεροῖς
906 1529 1017 1613 χώρας
1039 1524 1238 1614 ἀπορθήτου

215 1629 245 1694 τ’
276 1631 549 1716 άποφερβόμενοι
579 1632 650 1717 (aut
678 1636 775 1697 etiam
806 1630 871 1695 άπο
907 1632 1132 1716 φερβόμενοι,
1161 1656 1238 1697 nam

215 1735 377 1798 sententia
399 1736 512 1799 eadem
535 1736 610 1819 erit)
634 1733 854 1799 κλεινοτάταν
881 1738 1017 1818 σοφίαν,
1041 1758 1141 1820 quum
1164 1757 1238 1799 con-

215 1845 278 1900 stet
311 1846 444 1922 propter
477 1840 582 1920 ipsam
609 1846 716 1900 terrae
745 1838 877 1902 Atticae
903 1846 1055 1902 naturam
1089 1847 1120 1899 et
1154 1840 1237 1900 aeris

214 1941 407 2019 tenuitatem
435 1939 504 2002 eius
534 1939 658 2003 incolas
683 1940 897 2023 sapientiores
920 1950 952 2003 et
983 1940 1143 2002 acutiores
1167 1961 1238 2001 esse

214 2040 371 2103 creditos:
395 2039 430 2102 id
450 2041 581 2124 nequis
605 2063 688 2124 quae
703 2040 800 2102 modo
816 2041 905 2103 dicta
927 2047 1019 2102 erant
1040 2060 1078 2103 ea
1100 2040 1237 2123 ratione,

214 2163 279 2226 qua
306 2139 390 2203 falso
421 2141 482 2204 hoc
512 2142 592 2205 fecit
619 2145 661 2205 A.
691 2139 922 2220 NauckiuS,
954 2139 1141 2224 intellegat,
1170 2143 1237 2206 iam

214 2251 395 2325 sequuntur
417 2243 534 2322 verba,
563 2263 646 2326 quae
674 2241 742 2305 fere
772 2241 886 2305 eodem
909 2251 1071 2327 spectant:
1102 2240 1153 2304 ἀεὶ
1182 2242 1239 2306 διά

214 2342 453 2424 λαμπροτάτου
485 2345 661 2425 βαίνοντες
689 2339 801 2424 ἁβρῶς
836 2344 972 2426 αίθέρος
1000 2344 1083 2425 aud„
1117 2347 1237 2431 quibus

214 2447 299 2511 aeris
315 2446 459 2508 tenuitas
475 2446 693 2529 significatur,
716 2446 814 2509 sicuti
837 2447 1007 2532 superiore
1018 2468 1099 2511 voce
1120 2448 1238 2512 idonea

213 2556 320 2610 terrae
342 2548 475 2610 Atticae
497 2555 615 2610 natura
637 2556 670 2610 et
692 2549 887 2632 temperatio
910 2547 1002 2611 caeli.
1048 2549 1088 2612 V.
1105 2549 1167 2612 826
1186 2572 1233 2636 sq.

213 2647 353 2711 Weilius
376 2649 424 2711 ita
447 2648 666 2712 emendandos
689 2658 800 2712 censet
822 2649 844 2712 l.
868 2672 896 2713 c.
919 2672 952 2734 p.
970 2650 1043 2713 379.
1068 2649 1128 2712 τοῦ
1150 2653 1236 2713 καλ-

214 2748 335 2812 λινάου
359 2747 449 2830 παρὰ
472 2747 631 2831 Κηφισοῦ
654 2748 748 2830 ῥοαῖς
771 2750 784 2835 Ι,
808 2750 870 2812 τάν
893 2749 1031 2832 Κύπριν
1054 2750 1236 2836 κλῄζουσιν

214 2845 458 2934 άφυσσομέναν
484 2849 549 2914 κτὲ.
595 2851 688 2915 Idem
710 2853 762 2914 vir
784 2851 992 2917 doctissimus
1017 2854 1058 2916 V.
1078 2853 1140 2917 843
1164 2877 1234 2940 sqq.

214 2955 259 3017 sic
293 2953 361 3016 fere
396 2955 615 3018 restituendos
648 2975 720 3017 esse
757 2955 959 3020 existimavit
991 2954 1011 3018 l.
1042 2978 1070 3019 ο.
1098 2978 1130 3040 p.
1160 2956 1234 3019 380.

212 3054 334 3120 Πόθεν
361 3056 491 3135 θράσος
514 3059 627 3137 ἔρνεσι
650 3066 721 3129 σοίς
737 3055 750 3140 λλ
772 3050 795 3138 ἢ
816 3053 913 3138 χερὸς
934 3051 956 3139 ἢ
979 3053 1104 3142 φρενὸς
1121 3057 1134 3141 Η
1152 3080 1236 3137 καρ-

214 3158 270 3240 δία
292 3177 327 3218 τε
343 3150 443 3238 λήψει
460 3159 472 3239 β
490 3154 608 3219 δεινάν
623 3155 845 3237 προσάγουσα
860 3159 1003 3239 τόλμαν;
1027 3158 1068 3223 V.
1086 3158 1159 3220 916.
1175 3181 1234 3241 pro

213 3266 345 3341 recepta
368 3259 542 3341 scriptura:
579 3260 622 3321 Τί
646 3258 705 3339 δή,
728 3257 888 3337 τάλαινα,
920 3254 1026 3320 τοῖσδ’
1052 3256 1236 3333 έπιστένεις

213 3361 357 3440 τέκνοις;
386 3358 428 3421 Α.
452 3359 668 3442 Doeringius,
698 3359 784 3444 quod
811 3360 845 3421 in
869 3358 990 3423 Christ.
1014 3368 1081 3444 pat.
1105 3384 1137 3424 v.
1162 3362 1234 3426 737.

213 3463 247 3523 τί
266 3459 349 3542 δῆτα
371 3456 491 3522 λοιπὸν
512 3462 561 3542 σῷ
581 3458 616 3541 γ’
635 3457 956 3545 έπιστὲνειςτέκνῳ;
980 3461 1110 3542 dicitur,
1133 3484 1170 3526 eo
1188 3464 1235 3526 in-

213 3562 322 3642 clinat,
338 3573 376 3627 ut
391 3562 544 3646 Euripidi
559 3562 730 3626 reddatur:
755 3566 787 3624 τί
802 3563 885 3645 δῆτα
904 3559 1024 3625 λοιπὸν
1038 3557 1148 3626 τοῖσδ’
1168 3563 1234 3627 ἐπι-

214 3663 341 3737 στένεις
361 3661 506 3745 τέκνοις;
529 3663 611 3728 Mihi
626 3687 692 3728 non
708 3666 786 3727 item
805 3666 865 3729 hoc
882 3665 1000 3750 placet.
1024 3666 1063 3728 V.
1082 3666 1144 3729 973
1163 3688 1233 3751 sqq.

214 3764 261 3828 sic
284 3768 438 3829 constitui
459 3764 567 3828 locum
582 3767 724 3830 maxime
740 3768 875 3831 dubium
890 3765 994 3830 voluit
1009 3766 1150 3830 Weilius
1165 3767 1186 3830 1.
1205 3791 1232 3831 c.

213 3888 245 3950 p.
259 3864 333 3929 381..
349 3876 441 3929 τοῖον
456 3861 477 3928 d
493 3866 660 3940 δύστανος
675 3864 755 3941 άτας
768 3866 783 3953 [l
798 3865 894 3951 ἕρκος
912 3863 973 3942 κάς
990 3868 1146 3931 θανάτου
1161 3880 1232 3948 μοῖ-

215 3990 280 4049 ραν
294 3964 355 4030 τὸν
362 3965 480 4030 ’Ἅιδαν
495 3964 557 4049 οὐχ
571 3965 656 4049 άπερ
672 3969 685 4053 Η
701 3967 858 4050 φεύξεται
870 3972 1031 4034 πεσοῦσα.
1047 3982 1123 4034 etv.
1138 3969 1231 4033 1039.

214 4069 236 4133 l.
263 4094 291 4135 c.
314 4093 347 4156 p.
375 4070 447 4133 381.
478 4069 685 4134 scribendum
719 4071 871 4134 coniecit:
911 4067 949 4133 τὸ
982 4070 1039 4134 καὶ
1066 4070 1232 4149 προέσθαι

212 4172 430 4255 μαλθακῆς
456 4170 579 4253 λόγους
608 4171 740 4255 φρενός.
792 4172 833 4234 V.
866 4172 959 4237 1128.
988 4173 1031 4236 Η.
1056 4173 1233 4239 Weilius
