2588 4574
134 252 196 298 XVI
394 212 401 226 Ι
540 249 750 298 PRAEFATIO.

134 390 215 453 tium
232 395 290 451 est.
317 386 492 451 Praeterea
506 408 610 471 paene
623 387 780 451 editionis
797 389 901 451 instar
915 386 1067 452 habenda
1082 398 1159 452 sunt

133 488 200 569 illa,
224 510 307 574 quae
323 489 410 573 Aug.
426 488 636 553 Nauckius
659 488 707 553 de
728 489 896 575 Euripidis
911 488 1030 553 Medea
1050 490 1157 576 dispu-

134 590 218 654 tavit
233 592 266 654 in
284 589 441 654 Studiis
456 590 696 675 Euripideis
713 591 977 677 (Euripideische
993 591 1157 677 Studien),

137 714 222 778 quae
245 692 333 756 editu
354 693 487 757 suntin
507 688 681 758 Memcires
704 692 746 756 de
768 692 968 758 l'Academie
990 693 1159 779 imperiale

134 795 192 857 des
220 795 363 859 sciences
387 795 427 858 de
450 794 497 859 St.
521 794 759 879 Petersbcurg‚
783 817 844 859 ser.
869 795 947 860 VH.
971 803 1048 859 tom.
1072 794 1101 858 Ι.
1125 819 1157 859 n.

135 895 185 959 12.
208 919 240 981 p.
260 895 439 960 106-139.
478 895 632 960 Ceterum
655 895 747 961 doleo
770 919 822 960 me
844 907 977 961 nactum
997 919 1062 961 non
1085 916 1158 960 esse

134 996 174 1061 Ε.
190 998 361 1082 Bergeri
385 999 464 1062 disc.
489 998 529 1062 de
554 996 677 1083 duplici
699 1000 887 1063 recensione
902 998 1048 1080 Medeae,
1074 1020 1157 1085 quae

134 1098 224 1163 edita
245 1109 295 1164 est
317 1098 417 1164 cellis
440 1098 728 1165 MDCOOLXIII.

220 1199 390 1265 Postremo
413 1201 532 1266 adnoto
562 1224 638 1286 pag.
663 1203 714 1266 73.
738 1202 799 1268 col.
821 1202 853 1266 2.
876 1227 908 1266 v.
933 1202 963 1266 9.
986 1213 1157 1282 pertracta-

137 1312 222 1365 verat
242 1324 302 1386 pro
320 1314 589 1382 pertractaverunt
615 1305 759 1390 itemque
780 1328 811 1391 p.
835 1303 887 1368 88.
911 1305 972 1368 ccl.
999 1307 1027 1368 1.
1050 1328 1081 1368 v.
1105 1305 1157 1368 24.

136 1410 203 1466 iure
224 1426 282 1489 pro
305 1416 389 1495 rorte
411 1415 443 1469 et
464 1428 497 1468 v.
521 1405 572 1470 25.
599 1411 732 1470 omnibus
746 1428 805 1492 prc
828 1410 960 1470 menibus
983 1405 1157 1490 legendum

134 1527 217 1569 esse.

221 1657 345 1745 Scripsi
366 1660 499 1755 Lipsiae
524 1660 554 1725 d.
579 1661 696 1727 XXX.
720 1682 822 1726 mens.
846 1660 935 1746 Sept.

394 1785 423 1826 a.
445 1762 748 1830 MDOCOLXVII.

856 1962 903 2027 R.
932 1960 1064 2028 Klotz.
