2588 4574
223 265 266 332 54
592 263 871 318 EURIPIDIS

225 423 358 516 φθόνον
375 421 458 512 πρὸς
476 418 590 493 ἆστῶν
607 420 798 511 ἆλφοῖνουσι
815 427 977 512 δυσμενῆ.

225 541 368 598 σκαιοῖσι
385 524 507 616 μὲν
464 553 532 617 γαρ
549 523 648 595 καινοὶ
668 524 870 613 προσφέρων
888 523 990 613 σοφαὶ

225 628 330 712 δόξεις
349 626 480 717 ιἰχρείος
498 653 561 696 κου
581 625 687 715 σοφὸς
705 625 907 714 πεφυκέναι

222 728 343 799 τῶνδ’
363 721 409 799 αὖ
426 728 620 799 δοκούντων
638 727 763 798 είδίναι
780 755 811 796 τι
828 733 981 796 ποικίλον

223 837 390 923 κρείσσων
407 830 581 920 νομισθεὶς
599 829 726 919 λυπρὸς
745 831 782 898 ἐν
799 828 894 899 πόλει
910 840 1022 917 φανεῖ.

224 931 290 1020 ἐγω
308 932 347 1003 δὲ
363 931 468 1021 καύτὴ
486 936 588 1020 τῆσδε
605 936 759 1001 κοινωνῶ
778 930 891 1019 τύχης.

224 1033 311 1124 σοφὴ
328 1033 394 1124 γὰρ
412 1025 519 1122 οὖσα,
537 1046 608 1116 τοῖς
625 1034 688 1122 μέν
707 1030 774 1121 εἰμ’
796 1035 994 1122 ἐπίφθονος,

222 1149 293 1217 τοῖς
310 1133 344 1204 δ’
363 1134 526 1223 ἡσυχαία,
544 1148 614 1216 τοϊς
632 1133 671 1204 δὲ
687 1133 834 1224 θατέρου
852 1133 994 1224 τρόπον,

1189 1048 1240 1102 305

289 1317 321 1368 V.
333 1318 392 1369 300.
413 1319 524 1375 σκαιοις
537 1316 597 1367 ΒΟ.
611 1312 781 1381 προσφέρων
793 1310 885 1384 tuqa.

289 1384 322 1434 V
337 1386 395 1435 301.
415 1384 638 1462 Tzetnesexeg
652 1398 679 1449 p.
693 1386 735 1434 91.

288 1453 321 1502 V.
336 1454 393 1504 303.
414 1444 445 1503 ἐν
455 1445 538 1503 πόλει
551 1443 657 1516 λυπρὸς
670 1466 749 1517 φανη
737 1449 825 1503 BC.

221 1613 364 1670 ponuntur,
384 1619 459 1666 quasi
471 1603 522 1653 sint
538 1618 597 1669 ipso
609 1618 703 1669 genere
753 1603 831 1652 etiam
854 1601 1035 1669 Sophoeles
1048 1618 1102 1681 uap.
1127 1596 1240 1652 Athen.

221 1671 318 1722 similes
320 1672 467 1737 ,disiungit
481 1672 704 1734 tamquamsisiut
754 1670 787 1723 X.
787 1686 828 1750 p
841 1673 900 1723 433.
915 1671 945 1721 E.
976 1668 1107 1735 Διψῶντι
1125 1661 1178 1748 νρίρ
1195 1684 1240 1720 τοι

219 1753 295 1806 pares
307 1749 345 1790 rn
347 1755 372 1789 er
384 1755 426 1803 ee,
442 1753 493 1803 quo
505 1754 532 1788 rn
544 1753 638 1804 genere
648 1753 703 1788 ma
753 1731 850 1790 πάντα
878 1735 1047 1804 προσφέρων
1068 1729 1154 1816 σοφὰ
1186 1753 1241 1788 ουκ

219 1808 291 1857 xime
306 1806 357 1857 huo
373 1805 654 1873 pertinetDemosth.
672 1807 704 1856 de
755 1823 792 1858 αν
805 1802 895 1859 πλέον
910 1793 1082 1872 τέρψειας
1062 1823 1080 1872 η
1097 1807 1177 1857 πιεῖν
1196 1802 1240 1856 δι-

220 1874 278 1929 fals
300 1875 350 1940 leg
368 1876 392 1936 ξ.
410 1876 452 1929 83.
471 1875 551 1928 Bekk.
568 1891 595 1940 p.
612 1875 670 1932 361,
689 1876 703 1924 ”l

219 1943 308 1995 Reisk.
329 1939 378 1993 aul
400 1936 458 2020 μὴν
481 1958 526 1993 οτι
547 1939 632 2020 χωρίς
652 1940 704 2006 τῆς

219 2001 315 2087 erling
332 2000 492 2127 aloytum&
498 2005 547 2059 aul
572 2000 694 2072 ἀδοξίας

219 2064 257 2142 ἣν
282 2092 319 2126 τα
341 2071 531 2141 πεπραγμένα
556 2069 628 2142 ἔχει,
643 2092 691 2153 *κα

220 2134 340 2221 μεγαίοι
363 2141 498 2194 κίνδυνοι
509 2140 703 2225 περιεστᾶσιν

220 2202 252 2262 ἐκ
275 2226 384 2262 τουτων
400 2202 453 2276 τὴν
477 2201 577 2275 πόλιν,
601 2203 704 2275 δᾴδων

221 2275 325 2340 δεῖξαι.
344 2277 419 2328 Det
392 2291 409 2326 a
409 2279 551 2356 tructione,
562 2278 705 2339 quaeinest

219 2332 376 2410 inverbisde
386 2338 500 2412 ἔχουσιν
510 2313 622 2428 ἀργίας,
635 2343 705 2400 conf.

220 2411 315 2494 Soph.
328 2413 419 2466 Eleon.
432 2415 491 2465 763.
508 2402 704 2492 perserutati-

219 2497 276 2532 των
287 2498 327 2533 ων
338 2470 422 2532 ὄπωπ
424 2472 500 2560 ’ἐγω
512 2480 617 2533 κακῶν.

252 2548 358 2600 V..300
377 2541 704 2613 καιναπροοφέρων

219 2586 322 2680 σοφαί]
342 2614 384 2664 Sic
400 2615 458 2664 libri
470 2624 496 2665 et
506 2624 564 2669 vett
577 2616 634 2664 edd
649 2630 705 2665 om-

219 2697 265 2731 nes
278 2693 417 2764 praetera,
435 2685 480 2745 qui
492 2681 568 2732 habet
588 2677 643 2749 ἔπη
654 2697 702 2748 pro

219 2764 276 2815 οοφ
278 2766 307 2799 α.
336 2749 365 2800 Id
384 2750 547 2801 Porsonus
570 2765 617 2816 pro
636 2751 703 2799 indi

219 2819 260 2866 cio
254 2767 398 2883 wduplitis
427 2818 583 2868 recensionis
606 2818 704 2872 habuit.

218 2883 283 2934 Nam
294 2901 372 2948 quum
378 2885 516 2952 Euripides
523 2895 629 2952 propter
637 2886 704 2935 hano

218 2954 303 3018 ipsam
315 2952 451 3004 lormulam
464 2953 565 3004 derisus
582 2963 651 3005 esset
671 2955 703 3005 ab

219 3019 483 3086 Aristophanem
502 3022 658 3101 Thesmoph.
677 3037 702 3071 v.

220 3089 295 3138 1141.
323 3089 458 3139 Σκαιοισι
472 3082 534 3166 γάρ
552 3104 597 3138 τοι
614 3105 703 3139 καινα

217 3148 388 3232 προσφέρων
401 3147 494 3220 σοφοί,
511 3147 649 3220 Μοίτην’
632 3172 703 3206 ανα-

218 3211 366 3279 λίσκοις”
345 3237 391 3298 αν,
411 3232 527 3270 mutasse
544 3237 602 3270 eum
620 3223 646 3270 in
663 3237 704 3271 se-

218 3287 309 3336 eundis
326 3289 393 3336 euris
412 3280 488 3353 σοφοί
509 3289 535 3337 in
554 3282 618 3354 ἔπη.
650 3289 704 3338 lloo

218 3355 283 3403 mihi
294 3367 347 3404 non
359 3365 426 3405 reete
437 3356 577 3414 iudicatum
592 3356 703 3410 videtur.

219 3420 285 3471 Nem
296 3424 422 3487 primum,
435 3424 523 3486 quod
517 3438 569 3473 ram
580 3424 618 3473 int
608 3423 704 3474 tellexit

219 3489 408 3551 Elmsleius,
426 3506 461 3557 po
463 3491 702 3556 estfler1,tAri-

220 3557 364 3624 stophanes
384 3560 460 3609 etiem
475 3560 554 3610 alium
570 3559 701 3626 Euripidis

219 3625 302 3675 loeurn
320 3636 379 3677 ante
396 3628 484 3679 oeulos
500 3627 630 3689 habuerit,
647 3637 703 3678 tum

219 3693 297 3742 unius
312 3695 430 3744 vocabuli
447 3698 588 3746 mutatione
598 3698 644 3746 vix
658 3696 703 3746 de-

220 3760 282 3808 risio
299 3760 350 3810 ista
362 3762 483 3811 decliueri
496 3773 609 3828 poterat,
625 3779 702 3826 quam

220 3828 702 3908 neeredoquidemomninoEuripidem

220 3897 256 3945 ita
265 3896 403 3945 reveritum
416 3913 485 3958 esse,
498 3906 526 3947 ut
537 3899 568 3947 ob
579 3912 634 3948 eam
649 3914 702 3947 rem

220 3962 328 4012 sollicite
343 3964 445 4029 singula
459 3964 604 4015 emendaret
615 3966 701 4015 verba.

220 4029 317 4080 Deinde
329 4031 421 4081 locutio
438 4027 612 4098 προσφέρειν
624 4027 702 4097 σοφοί

219 4098 387 4178 proverbialis
410 4099 491 4150 luisse
513 4100 625 4159 videtur,
650 4115 703 4151 non

220 4168 326 4233 propria
342 4167 486 4233 Euripidis,
507 4183 557 4230 qua
578 4184 642 4218 usus
664 4179 703 4219 est

756 1866 834 1933 δους.
863 1874 997 1924 Postremo
1019 1887 1079 1923 vero
1102 1874 1178 1923 etiam
1199 1873 1241 1923 ille

755 1942 812 2007 ipse
823 1943 900 2002 liber,
917 1943 962 2004 qui
975 1936 1028 2006 ἔπη
1043 1955 1091 2007 pro
1103 1955 1182 2007 οοφα
1174 1933 1241 1991 'lra-

754 2010 809 2068 bet,
828 2024 908 2071 quum
920 2010 954 2058 sit
970 2009 1103 2059 deterioris
1117 2007 1239 2068 lamiliae,

755 2090 807 2124 non
824 2085 910 2157 pptest
926 2091 984 2126 esse
999 2077 1152 2126 documento
1175 2076 1242 2126 enti-

755 2157 832 2207 quam
844 2145 921 2194 istam
930 2145 1084 2210 scripturam
1094 2159 1161 2203 esse,
1175 2158 1242 2223 quae

755 2211 787 2259 ab
809 2225 839 2261 eo
861 2211 960 2260 videtur
981 2227 1039 2262 esse
1055 2211 1174 2270 librario,
1196 2213 1241 2274 qui

755 2293 834 2357 quum
853 2291 931 2343 σοφα
953 2294 1004 2341 qno
1021 2278 1126 2328 referret
1147 2294 1240 2344 parum

755 2346 793 2395 int
783 2345 922 2396 tellexiseet
912 2346 1160 2426 twproglossemate
1170 2346 1241 2409 quod

755 2429 813 2464 esse
824 2424 927 2480 posset
947 2408 982 2464 ἔπ
983 2415 1145 2480 preceperit
1174 2414 1241 2464 Vide

756 2496 821 2543 quae
833 2481 1003 2548 Piluglrius
1016 2482 1048 2532 de
1060 2483 1181 2532 universe
1193 2481 1241 2532 hae

755 2547 841 2598 fabula
853 2549 995 2615 disputavit
1007 2564 1087 2614 supra
1098 2564 1126 2630 p
1138 2551 1154 2599 'l
1167 2565 1224 2612 sqq.

788 2618 822 2668 V.
841 2618 947 2680 aotsq.
982 2620 1055 2676 τοῖς
1081 2613 1144 2700 μὲν
1164 2608 1239 2697 εἰμ’

755 2673 968 2766 ἐπίφθονος,
998 2677 1130 2763 τοιςδ’
1154 2676 1240 2750 ἡσυ-

755 2749 841 2818 χαία
856 2741 937 2820 κτὲ]
963 2752 1030 2801 Haeo
1043 2753 1128 2801 omnia
1144 2766 1241 2815 aequa-

753 2818 837 2868 biliter
852 2819 951 2869 laoiunt
966 2820 999 2869 ad
1015 2820 1159 2899 sapientiae
1174 2821 1229 2870 vitu
1211 2835 1242 2868 u·

754 2873 924 2951 perationem.
953 2887 1007 2936 Ηοο
1024 2889 1092 2937 enim
1108 2888 1172 2936 dicit
1188 2887 1241 2937 Me-

753 2954 814 3006 dea:
829 2953 1149 3020 Quodprudenesim,
1165 2954 1240 3006 aliis

755 3037 822 3072 aum
852 3023 1029 3085 invidiosa,
1059 3023 1129 3085 quod
1150 3032 1241 3088 putant

754 3105 783 3139 se
794 3105 810 3139 a
822 3105 863 3140 me
875 3091 979 3156 ingenio
998 3101 1074 3152 atque
1090 3092 1128 3139 int
1119 3090 1240 3157 t·ellegeu

754 3157 789 3205 tie
805 3160 935 3222 superari,
960 3157 1035 3206 aliis
1057 3171 1130 3205 vero
1152 3158 1241 3209 deei-

755 3223 861 3283 diosa,
879 3223 950 3286 quod
966 3238 1018 3272 non
1036 3224 1072 3272 eis
1086 3224 1164 3274 rebus
1179 3241 1240 3293 ope-

754 3303 809 3338 ram
825 3290 887 3340 dare
903 3290 989 3351 soleo,
1008 3305 1073 3353 quae
1090 3294 1176 3358 magis
1193 3293 1239 3344 sub

755 3357 842 3407 oeulos
859 3357 966 3421 cadunt,
987 3369 1064 3422 atque
1081 3360 1155 3409 otiari
1171 3375 1240 3411 sem-

753 3440 800 3490 per
823 3425 923 3488 videor‚
947 3426 1021 3477 eliis
1046 3442 1118 3477 vero
1144 3430 1240 3478 etIam

753 3497 920 3545 contraria
947 3505 1062 3545 natura
1090 3511 1161 3545 esse
1191 3498 1240 3544 vi·

752 3561 841 3622 deor,
860 3571 888 3612 ut
899 3564 1000 3613 animus
1012 3578 1085 3612 meus
1097 3573 1170 3612 sonte
1182 3579 1239 3612 mo-

753 3639 843 3679 veatur
877 3639 953 3693 atque
992 3630 1114 3680 iracunda
1149 3620 1239 3696 (ὄργί

755 3697 847 3760 λος)
827 3712 884 3759 erm,
898 3697 973 3748 aliis
986 3713 1096 3751 rursus
1110 3713 1178 3747 sum
1194 3698 1238 3748 of·

753 3763 908 3825 lensium,
922 3766 1101 3829 quodseame
1110 3766 1177 3816 laedi
1189 3781 1238 3832 pu-

753 3840 808 3880 tant
819 3842 843 3882 et
852 3835 941 3898 gravia
952 3848 1017 3883 ame
1027 3843 1142 3883 metuunt
1155 3836 1238 3883 omni-

754 3913 801 3947 no:
825 3903 1236 3952 sumautemnonuimium

754 3968 900 4031 sapiens,
924 3969 1001 4048 quod·
1010 3969 1073 4018 dicit
1088 3969 1190 4030 Medea,
1210 3978 1237 4019 ut

753 4034 877 4084 invidiam
895 4037 1017 4086 orationis
1034 4051 1097 4086 suae
1114 4037 1238 4103 deprece-

752 4110 802 4152 tur.

788 4169 890 4224 V..306
912 4170 1101 4234 huncvereum,
1115 4173 1238 4235 quodin
