2588 4574
133 273 174 337 68
502 253 783 315 summoto

231 425 365 499 Ἑλλάδι
381 428 422 513 τᾷ
439 419 569 510 μεγάλᾳ
585 417 697 506 μένει,
716 418 853 502 αἰθερία
871 408 903 477 δ’
925 407 1061 477 όνίπτοι.

237 529 291 598 σοὶ
309 524 341 594 δ’
362 524 441 594 οίίτε
459 519 584 609 πατρὸς
602 517 711 605 δόμοι,

237 628 401 713 δυ’στοινε,
424 628 697 712 μεθορμίσασθαι
748 650 752 655 ·

237 729 378 819 μόχθων
396 725 504 815 πάρα,
523 729 592 792 τῶν
611 720 649 790 dd
668 720 815 807 λέκτρων

239 827 324 898 ἄλλα
341 834 493 916 βασίλεια
511 829 679 913 κρείσσων

238 931 388 1020 δόμοισιν
408 929 537 997 ἐπέστω.

578 1050 717 1104 ΙΑΣΩΝ.

139 1133 179 1202 οὐ
200 1138 267 1202 νῦν
284 1134 441 1200 κατεῖδον
460 1132 612 1216 πρῶτον,
630 1122 716 1193 ἀλλὰ
734 1119 892 1200 πολλάκις

136 1247 295 1323 τραχεῖαν
313 1229 420 1321 όρμην
439 1227 483 1309 ὡς
502 1226 675 1316 ἀμήχανον
693 1221 807 1292 κακόν.

137 1336 191 1404 σοὶ
209 1333 275 1423 γὰρ
294 1331 404 1422 παρόν
421 1337 487 1418 νην
504 1328 605 1415 τήνδε
622 1327 680 1396 καὶ
698 1324 827 1412 δόμους
846 1329 933 1410 ἔχειν
1106 1337 1158 1388 445

205 1532 238 1583 V.
248 1531 307 1582 437.
322 1528 422 1596 μίμνει
435 1527 468 1587 Β,
482 1524 594 1574 fortasse
606 1525 682 1573 etiam
696 1522 724 1576 0.

205 1599 240 1650 V.
252 1599 313 1648 441.
331 1587 404 1647 ολλλδι
417 1595 484 1642 libri.
510 1592 627 1642 Correxit
639 1590 771 1640 Hcathius.
1021 1639 1027 1646 ‚

204 1666 310 1715 V.442.
330 1656 431 1729 δόμοις
443 1660 575 1711 BdeG.
595 1652 727 1724 δόμοισιν
739 1657 897 1705 Musurus.
922 1653 959 1704 De
978 1653 1067 1702 ceteris
1086 1650 1158 1700 libris

138 1748 190 1783 nou
202 1742 312 1782 constat.
326 1723 431 1796 σίνὲστη
444 1728 474 1781 Β.
494 1719 597 1793 ἐπέστη
610 1725 661 1780 Gd.
682 1717 786 1804 ἐπέστω
800 1719 837 1790 [Β
845 1719 875 1787 G]
889 1717 1008 1786 μετέστη
1020 1720 1066 1808 λιι.

204 1801 237 1849 V.
250 1801 310 1851 443.
322 1801 382 1852 444.
400 1798 477 1847 habet
490 1794 648 1845 Stobucus
662 1793 737 1843 florii.
750 1790 813 1845 XX.
825 1793 867 1842 35.
880 1791 932 1840 vol.
946 1791 965 1840 1.
978 1805 1005 1855 p.
1020 1789 1078 1840 336.

138 1976 202 2034 τότε
215 1974 252 2046 δὴ
282 1977 353 2046 πρὸς
376 1972 524 2046 Ὄλυμπον
563 1971 620 2030 dni
673 1978 767 2028 format
792 1977 947 2034 orationem,
973 1975 1010 2023 uti
1034 1972 1161 2023 sententia

138 2041 247 2118 χθονὸς
277 2042 445 2114 εὐρυοδείης
465 2048 623 2099 Λευκοίσιν
673 2045 814 2112 postulat’.
859 2043 926 2091 Haec
952 2043 1160 2091 chmuuuus¹

137 2112 275 2184 φαρέεσσι
286 2107 559 2191 καλυψαμένωηρόα
571 2130 623 2164 κα·
673 2113 796 2163 conferas
817 2126 882 2173 quac
894 2110 950 2160 dixi
965 2109 995 2158 ad
1014 2107 1161 2163 Bovarium,

140 2178 191 2236 λὸν
200 2175 365 2234 Ἀθανάτων
374 2174 446 2246 μετὰ
456 2182 550 2245 φυλον
561 2179 622 2230 ίτσν
673 2180 725 2230 vol.
740 2182 771 2228 ΙΙ.
789 2196 816 2245 p.
830 2179 888 2229 714.
907 2189 930 2226 et
947 2192 1013 2239 qnae
1029 2176 1163 2240 disputavi

137 2240 306 2317 προλιπόντ’
330 2241 504 2314 ἀνθρώπους
528 2240 622 2307 Attus
674 2248 707 2297 ad
721 2247 803 2297 Orest.
816 2247 875 2298 292.
890 2261 916 2310 p.
929 2246 971 2296 65.

138 2312 335 2382 καλΝόμεσις.
348 2316 472 2367 cl.0vid.
486 2314 587 2365 Metam.
602 2316 621 2365 1.
707 2316 742 2366 V.
755 2317 816 2365 tto.
849 2312 916 2365 τῶν
937 2307 974 2363 δδ
997 2305 1161 2377 λέκτρων]

140 2388 189 2437 149
202 2400 242 2446 sq.
673 2382 744 2446 qnod
783 2383 816 2431 dc
846 2380 983 2429 Porsoni
1015 2381 1163 2430 coniectura

173 2452 207 2502 V.
220 2453 271 2503 4³8
285 2467 342 2514 sqq.
356 2447 411 2501 σσλ
422 2444 453 2500 δ’
465 2440 546 2501 οὔτε
557 2465 620 2499 πα·
670 2448 951 2516 pleriqucgrammntici
957 2463 1023 2496 nunc
1029 2448 1164 2497 ediderunt

138 2511 381 2585 τρδςδόμοι-
402 2519 494 2583 μεδσ
521 2517 621 2583 μίσει·
673 2511 777 2569 σῶνδδ
799 2513 932 2580 λέκτρων,
950 2515 977 2564 id
995 2517 1163 2566 satisminari

140 2587 227 2638 σθαι
247 2578 391 2665 μόχθων
414 2535 519 2650 πιίραῆ
545 2585 623 2632 Recte
674 2599 816 2647 nonqueo.
838 2584 893 2633 Hoc
906 2585 974 2633 enim
986 2595 1040 2632 tum
1058 2583 1162 2634 demum

78 2654 81 2660 '
138 2655 196 2702 libri
213 2668 305 2716 παρα,
325 2663 352 2701 ut
368 2654 395 2701 id
413 2655 447 2701 sit
467 2653 534 2701 idem
552 2651 623 2713 quod
673 2655 848 2703 necessarium
860 2667 917 2701 csse
926 2651 1063 2709 videretur,
1074 2653 1097 2702 si
1110 2666 1164 2702 non

137 2711 280 2786 πάρεισιν.
298 2719 458 2768 θείοτσιολσ
470 2720 623 2783 autemipsa
674 2720 836 2786 praecederet
857 2720 920 2768 haec
940 2719 1072 2769 distinctio
1094 2709 1162 2771 οὔτε

138 2787 199 2837 vide
211 2787 299 2839 adnot.
313 2787 346 2836 ud
358 2802 384 2837 v.
397 2788 456 2837 260,
486 2784 560 2844 Quod
577 2799 623 2834 uu·
673 2779 889 2853 ποιτρδςδόμοι.
924 2785 1094 2836 Nnncautcm
1107 2796 1162 2837 tan·

138 2854 403 2904 temPorsonusin
416 2853 496 2903 altero
508 2854 622 2902 membro
674 2856 826 2914 tumabcst‚
852 2865 880 2903 ut
891 2855 1043 2920 languidum
1057 2855 1091 2904 sit
1105 2852 1163 2906 cciv

139 2931 201 2987 post
217 2911 284 2972 οὔτε
303 2937 353 2972 uon
371 2915 419 2982 δέ,
438 2922 485 2971 sed
497 2916 529 2972 τὲ
546 2921 624 2970 scribi
675 2917 710 2974 δὲ
724 2919 847 2987 λέκτρων
859 2912 930 2984 uti„
949 2933 976 2971 ut
988 2923 1014 2971 id
1026 2924 1163 2987 aptissime

138 2989 228 3049 voluit,
240 2990 267 3038 id
280 2991 335 3038 iure
348 2989 493 3054 repudiavit
507 2988 623 3039 G.Her-
674 2991 773 3040 dicotur
799 3000 950 3067 propterea,
978 2990 1048 3052 qnod
1068 2990 1161 3040 fortius

138 3071 238 3108 maun.
262 3055 387 3121 ‘Saepc’,
400 3058 492 3118 inquit,
505 3058 583 3105 ‘inter
596 3072 624 3106 sc
675 3060 814 3123 opponitur
826 3073 884 3109 των
900 3051 934 3108 δὲ
948 3052 1072 3123 λέκτρων
1084 3073 1163 3121 quum

138 3117 169 3173 τὲ
183 3132 207 3171 et
223 3117 255 3172 δὲ
272 3124 309 3170 ibi
324 3124 495 3186 respondent,
512 3125 555 3171 ubi
569 3125 624 3172 sin·
675 3124 733 3176 σῶν
753 3120 786 3176 δὲ
807 3123 939 3190 λέκτρων.
977 3124 1065 3174 Lando
1083 3127 1162 3191 igitur

138 3190 200 3254 gula
211 3189 326 3238 membra
336 3198 360 3237 et
371 3190 475 3237 verbum
488 3205 563 3239 sunm
576 3189 623 3237 ha·
673 3191 922 3251 Kirclihofsium,
934 3195 977 3253 qui
987 3191 1068 3253 solus,
1079 3208 1163 3256 quun·

137 3258 198 3304 bent
210 3267 235 3304 et
246 3271 287 3305 res
300 3256 354 3304 cius
367 3257 438 3305 modi
451 3266 502 3316 est,
517 3268 545 3305 nt
556 3271 623 3319 qnae
672 3269 728 3308 tum
741 3261 808 3318 scio,
834 3261 1003 3308 recentiorum
1016 3262 1162 3311 criticorum

138 3337 184 3386 per
197 3316 227 3372 τδ
250 3331 274 3370 et
294 3332 380 3386 partes
395 3323 511 3388 disiungi
532 3332 623 3388 coeptu
676 3327 799 3375 librorum
813 3329 991 3376 auctoritatem
1005 3329 1124 3379 obtinuit.

138 3398 222 3449 ciunt,
237 3390 313 3437 etiam
326 3392 424 3455 opponi
436 3392 502 3440 inter
520 3406 548 3441 se
559 3405 623 3456 pos·
707 3394 739 3444 V.
753 3395 811 3444 443.
849 3385 888 3444 οὗ
910 3393 973 3447 νῦν
990 3394 1163 3448 κατεῖδον

138 3458 199 3508 sint.
225 3454 480 3536 SophoclesOed.
495 3457 549 3539 qol.
561 3460 621 3510 367.
675 3459 810 3526 πρῶτον
822 3453 892 3528 scd]
921 3463 988 3512 Vide
1009 3479 1075 3526 qnae
1093 3465 1163 3514 dictu

137 3519 207 3589 πρὶν
227 3517 281 3588 μὲν
302 3540 357 3590 γαρ
378 3517 479 3585 αὐτοῖς
521 3544 537 3579 v
555 3521 625 3591 ἔρως
677 3539 737 3580 sunt
750 3545 829 3595 supra
847 3531 915 3583 adv.
928 3532 989 3581 294.

136 3587 263 3655 Κρέοντί
287 3608 318 3643 τε
347 3587 474 3674 Θρόνονρ
499 3544 625 3658 δεῖσθαι,
710 3599 742 3647 V.
755 3600 805 3648 445
819 3615 876 3660 sqq.
903 3592 1162 3664 σοὶγδρπαρδν

136 3653 214 3772 findi
231 3657 407 3725 χραίνεσθαι
426 3663 522 3716 πολιν.
557 3663 624 3714 Vide
675 3657 746 3734 κτὲ.]
793 3664 867 3724 Quod
894 3666 1065 3716 Elntsleius
1094 3667 1163 3716 dixit

164 3728 273 3775 runck.
294 3729 327 3777 ad
348 3729 441 3779 Aesch.
469 3729 540 3796 Sept.
564 3731 622 3781 ndu.
676 3733 819 3799 elegantius
832 3727 1076 3800 ίιιίεεειΣδηοίρ,
1088 3750 1163 3800 τιαρ-

137 3791 290 3844 Theh.835.
327 3792 370 3872 Sic
390 3798 466 3845 etiam
487 3798 572 3848 Latini
593 3810 621 3847 et
673 3795 771 3866 ὀνγῆν
792 3793 880 3866 τήνδε
894 3799 944 3852 καλ
955 3796 1063 3867 δόμους
1074 3795 1161 3884 ἔχειν,

137 3868 163 3908 ct
175 3867 279 3908 antem
291 3875 461 3927 coniungunt.
477 3864 524 3914 Est
536 3866 620 3914 antem
671 3862 978 3934 Κοόφωςφέρουσαν
987 3884 1163 3937 κρεισσονων

137 3927 162 3973 in
187 3925 228 3974 his
251 3927 328 3977 rebus
356 3928 400 3978 illa
428 3946 504 3992 quum
533 3933 621 3982 dicunt
672 3930 870 4001 (invindicata,
895 3929 994 4004 Λόγων
1028 3937 1161 4002 ματαίων

136 4002 210 4070 grata
234 3994 395 4074 neglegentia
421 4000 519 4062 positu,
555 4015 620 4062 quae
672 3991 769 4054 οὕνεκ’
792 3995 911 4056 ίκπεσεῖ
926 4001 1052 4072 χθονία,
1073 4007 1162 4073 dupli-

135 4059 214 4139 lihoru
226 4062 257 4110 ab
270 4063 331 4111 exili
344 4067 568 4128 grammaticorum
581 4084 622 4117 se·
671 4071 734 4119 citer
750 4070 792 4120 ille
810 4071 891 4122 falsus
910 4086 955 4123 est.
993 4074 1056 4123 Num
1078 4075 1158 4124 multo

135 4138 242 4178 veritate
260 4130 295 4179 itu
314 4146 417 4196 quoqne
437 4135 465 4184 in
485 4134 541 4185 loco
560 4151 621 4186 con·
672 4141 822 4189 concinnior
839 4142 948 4203 ideoque
965 4144 1039 4191 etiam
1056 4144 1158 4209 elegun-
