2588 4574
134 235 176 300 95
502 232 785 285 uun1P1u1s

558 383 731 435 ΑΙΓΕΤΣ.

133 459 244 554 τούτῳ
261 462 348 528 θεοῦ
364 457 540 546 μάντευμα
556 461 715 526 κοινῶσαι
731 456 832 523 θέλω.

554 584 735 638 ΜΗΔΕΙΑ.

137 661 242 750 σοφὸς
260 659 326 752 γὰρ
345 658 432 749 ἀνὴρ
451 660 508 727 καὶ
523 664 650 749 τρίβων
667 656 708 725 τὰ
725 656 847 726 τοιάδε.

560 787 730 839 ΑΠἘΤΣ.

135 863 273 954 κᾶμοιγε
291 862 428 933 πάντων
446 868 605 949 φίλτατος
623 858 826 948 δορυξένων.

466 966 467 969 ’
555 990 731 1040 Munurn.

134 1063 214 1135 αλλ’
235 1063 410 1153 εὐτυχοίης
427 1064 484 1132 καὶ
502 1063 615 1151 τύχοις
634 1062 726 1133 ὅσων
746 1063 835 1152 ἐρᾷς.

559 1191 731 1245 ΑΙΓΕΤΣ.

134 1275 173 1337 τί
187 1267 252 1360 γὰρ
270 1266 335 1338 σόν
353 1266 444 1356 ὄμμα
461 1266 550 1355 χροίς
567 1292 603 1334 τε
622 1261 798 1351 συντέτηχ’
818 1257 894 1346 ὅδες

559 1395 736 1445 ΜΗΔΕΙΑ.
816 1394 819 1398 ’

135 1476 265 1558 Λίνου,
284 1469 438 1549 κάκιστος
457 1474 526 1537 ἔστι
542 1494 599 1557 μοι
616 1467 754 1536 πάντων
771 1465 877 1585 πόσις.

203 1669 237 1719 V.
252 1669 311 1720 681.
331 1659 484 1744 dvriplibri.
508 1665 807 1716 CorrexitPcrscnus.

203 1737 237 1786 V.
250 1737 312 1786 682.
332 1724 423 1799 κάμοί
432 1749 464 1800 γε
477 1731 599 1784 BCEac.
617 1722 706 1798 ttc’tpol
719 1726 752 1784 δὲ
766 1731 849 1782 dBO.

135 1904 180 1955 Sic
213 1916 281 1954 recte
310 1903 481 1967 Pl'lugkius
516 1912 620 1952 auctore

134 1972 252 2022 Persouc
287 1981 312 2020 et
340 1970 462 2019 Elmsleic
492 1971 620 2022 distinxit.

136 2037 327 2117 Namquch.
342 2038 620 2087 Hermannusunti-

136 2121 216 2188 quam
249 2105 480 2184 interpunctionem
509 2105 621 2164 reduxit,

137 2168 279 2232 Helenor,
294 2167 507 2238 εὐσεβέστατος,
521 2172 548 2221 id
560 2171 621 2221 ferri

135 2241 199 2290 mihi
211 2241 261 2290 hoc
277 2241 334 2290 loco
351 2255 403 2289 nou
420 2254 500 2305 posse
511 2239 620 2289 videtur.

137 2308 225 2370 Neque
238 2309 305 2357 enlm
322 2299 360 2365 ὥς
373 2304 487 2385 λέγουσι
499 2307 532 2356 ad
544 2307 622 2355 verba

135 2380 206 2434 ταῖς
223 2371 354 2433 Πέλοπος
375 2375 498 2453 pertinet,
521 2374 568 2423 sed
588 2374 621 2423 ad

136 2444 203 2493 hanc
228 2458 331 2493 vocem:
362 2444 433 2501 ταῖς
455 2433 620 2507 ευσεβέστα-

138 2527 193 2570 τος.
218 2510 257 2559 Ac
275 2526 337 2560 saue
353 2509 476 2560 dicendus
495 2519 550 2559 erat
568 2507 621 2557 Pit-

136 2578 212 2628 thens
235 2578 340 2643 Pelopis
370 2577 482 2626 filiorum
508 2578 621 2626 maxime

136 2647 210 2710 pius,
241 2645 312 2706 quod
341 2647 448 2702 Atreus,
483 2644 619 2707 Thyestes,

137 2712 298 2776 Chrysippus
319 2713 415 2776 pietate
434 2726 486 2761 non
511 2723 555 2760 ant
546 2711 621 2760 t-ecel

134 2779 228 2830 lebant.

170 2848 203 2897 V.
224 2848 283 2902 681
312 2841 418 2912 σοφὸς
445 2863 508 2913 γαρ
530 2862 619 2912 ανηρ

136 2907 206 2979 τοτὲ]
230 2914 268 2964 De
288 2915 382 2964 Pitthei
405 2914 533 2980 sapientia
557 2928 619 2963 con-

135 2983 193 3032 tulit
212 2981 382 3062 Pilugkius
403 2982 554 3033 Plutarch
575 2983 621 3031 vit.

134 3051 212 3101 Thes.
237 3067 258 3100 c.
283 3054 308 3102 3
333 3037 372 3102 ὧν
398 3049 465 3114 (τῶν
489 3046 621 3107 Πέλοπος

137 3113 220 3236 vicit?
239 3113 281 3176 εἷς
293 3113 446 3197 γενόμενος
460 3110 619 3176 Πιτθευςὸ

136 3185 209 3263 &nu
215 3202 251 3244 ως
271 3178 389 3242 πάππος
408 3179 494 3235 πόλιν
511 3178 563 3264 μὲν
585 3177 620 3233 οὐ

135 3245 265 3330 μεμαλην
275 3244 329 3316 τὴν
338 3242 545 3329 Τροιζηνίων”
523 3265 618 3330 mutus,

137 3312 263 3397 δόξαν
251 3313 284 3368 δὲ
305 3311 429 3381 μάλιστα
446 3311 564 3368 πάντων
581 3334 619 3376 ως

135 3402 216 3464 ανηρ
231 3379 325 3447 λόγιος
349 3377 380 3435 ἕν
403 3387 464 3443 τοῖς
485 3378 549 3435 τότε
569 3383 620 3435 καὶ

136 3445 302 3517 σοφώτατος
323 3445 416 3530 ἔσχεν
419 3444 478 3502 und.
499 3452 619 3531 idemque

135 3521 212 3569 verba
232 3517 358 3585 τρίβων
379 3510 420 3569 τὰ
442 3510 563 3571 τοιοίδε
582 3521 619 3569 sic

135 3587 289 3652 explicavit:
330 3588 470 3653 peritus
506 3588 617 3637 talium

135 3670 247 3705 rerum.
271 3655 351 3709 Rhes.
364 3657 423 3706 623.
442 3653 546 3721 τρίβων
563 3672 618 3734 γαρ

137 3715 215 3773 eled
232 3718 333 3787 κομψοὶ
350 3719 401 3774 καὶ
419 3727 500 3775 νοειν
517 3716 616 3789 σοφός.

136 3787 175 3839 Cf.
194 3791 226 3842 Α.
243 3790 397 3840 Matthiae
417 3807 457 3856 gr.
477 3791 518 3842 Gr.
538 3792 617 3857 ampl.

134 3856 158 3917 ἕ.
171 3858 230 3908 346
243 3858 302 3908 adn.
315 3861 350 3909 32

169 3924 201 3974 V.
218 3926 277 3978 682.
300 3921 512 3991 δορυξένων]
537 3926 618 3977 Pau-

135 3993 244 4041 sanias
262 3993 332 4058 apud
349 3993 493 4044 Eustath.
506 3994 578 4043 adll.
592 3986 617 4077 γ’

135 4074 162 4123 p.
163 4061 237 4139 405,
248 4062 290 4112 43
304 4056 370 4124 περὶ
383 4055 416 4112 δὲ
429 4056 614 4141 δορυξὲυου
599 4079 615 4114 ο

133 4117 222 4186 αυτὸς
247 4126 418 4187 Παυσανίας
444 4119 588 4193 φησίν,
571 4147 616 4183 οτι

675 1892 856 1983 δορυξενοςὸ
870 1891 901 1950 ἒιι
915 1897 1060 1963 πολεμίων
1066 1895 1159 1978 φίλος

674 1962 755 2019 tul
741 1985 756 2019 υ
774 1983 795 2017 τι
797 1958 938 2047 ρεσβευων
954 1962 1022 2030 περὶ
1039 1957 1158 2028 λυτρων,

676 2032 751 2098 είζω
770 2030 891 2115 ρηθεῖέν
906 2049 989 2093 τινες.
996 2032 1086 2114 Etp.
1098 2032 1159 2096 483,

675 2106 716 2155 22,
729 2053 903 2220 ωδορύξενος
930 2093 1003 2152 δὲ
991 2117 1006 2152 ο
1031 2069 1159 2165 πολέμου

676 2164 761 2250 χάριν
778 2188 806 2247 ⁹².
810 2163 840 2220 ἐκ
852 2163 980 2233 πολέμου
993 2167 1158 2250 φιλιωθείς

677 2256 714 2297 ως
727 2235 859 2296 Γλαυκος
872 2233 922 2288 καί
933 2231 1094 2302 Διομήδης.
1120 2233 1158 2285 Cf

676 2305 828 2355 Pollnxlll.
846 2306 887 2356 60
910 2303 1087 2354 Scholiast.
1107 2302 1158 2352 Lu-

676 2375 773 2424 ciant
786 2374 819 2422 ΙΙ.
837 2374 934 2437 p..201
957 2384 1083 2424 ernnust.
1106 2368 1160 2419 Nc-

674 2443 771 2490 tionem
792 2437 950 2504 δορυξένου
974 2438 1050 2489 latius
1072 2448 1159 2504 patere

675 2518 743 2558 recte
759 2508 941 2557 Brunckius
964 2515 1041 2569 atque
1056 2505 1159 2557 Elms-

675 2576 760 2626 leius
785 2584 934 2634 senserunt,
958 2575 985 2623 in
1008 2573 1053 2623 llln
1074 2583 1160 2624 tamen

675 2643 749 2704 falsi,
774 2644 845 2706 quud
864 2643 986 2692 dixerunt
1005 2641 1069 2691 nthil
1090 2640 1160 2690 uliud

676 2712 726 2761 nisi
747 2706 847 2773 ξένους
869 2710 920 2760 hoc
940 2710 1066 2759 vocabulo
1090 2708 1159 2774 apud

674 2780 787 2844 tragicos
804 2777 957 2844 significari.
985 2776 1088 2827 Etenim
1107 2790 1161 2826 nnn

675 2848 780 2912 ponitur
792 2863 822 2896 ea
833 2860 886 2896 vox
897 2847 949 2895 nisi
961 2845 986 2894 in
998 2844 1159 2911 principibus

674 2916 783 2964 civitatis
796 2913 969 2980 appellandis,
982 2913 1027 2975 qui
1039 2921 1084 2962 aut
1094 2913 1161 2961 inter

675 2998 704 3032 se
737 2984 877 3031 certamina
911 2988 1083 3045 susceperuut
1115 2989 1162 3029 aut

675 3051 816 3099 consociati
835 3064 893 3099 cum
909 3048 966 3097 aliis
982 3047 1050 3097 bella
1070 3062 1161 3112 gesse-

675 3128 735 3166 runt
752 3118 884 3167 autetiam
897 3116 957 3166 chi
945 3114 1124 3166 fortitudinem
1135 3125 1161 3165 ct

676 3199 806 3233 armorum
823 3199 900 3234 usum
916 3185 982 3233 iuter
999 3199 1027 3233 se
1039 3181 1161 3233 contendi

676 3261 752 3313 atque
765 3251 886 3329 componi
898 3267 937 3330 po
935 3260 1045 3303 tueruut.

709 3319 742 3371 V.
768 3320 826 3369 683.
862 3309 937 3370 dtt'
970 3308 1161 3385 εὐτυχοίης

674 3376 742 3450 ατὲ.]
765 3385 842 3435 Recte
859 3386 933 3436 hcc
927 3397 979 3437 rust
970 3388 1038 3436 tituit
1054 3385 1163 3452 Euripi-

674 3453 729 3516 des,
744 3462 771 3502 ut
781 3453 880 3518 Medea,
893 3470 960 3516 quae
971 3454 1031 3504 his
1025 3453 1091 3518 ipsis
1103 3468 1162 3503 ver-

673 3520 714 3570 bis
726 3522 759 3570 ah
768 3523 857 3588 Aegeo
870 3522 1002 3572 discedere
1013 3521 1077 3571 velle
1088 3521 1163 3572 vide-

673 3599 771 3638 tur-
795 3600 856 3640 sunt
847 3590 943 3640 tenim
960 3589 1011 3641 hac
1034 3588 1163 3640 formulae

672 3656 726 3706 fere
750 3672 851 3718 eornm,
877 3659 921 3720 qui
946 3657 1055 3707 alterum
1074 3656 1162 3707 valere

672 3725 806 3775 iubent-
810 3726 916 3785 rnterr
919 3734 1010 3790 egetur
1025 3725 1061 3775 ab
1070 3725 1160 3795 Aegeo

672 3792 735 3854 quid
747 3794 782 3842 sit
793 3762 863 3856 q'uod
875 3809 953 3859 aegra
963 3809 1021 3843 esse
1033 3788 1161 3845 videatur.

673 3858 716 3909 Sic
728 3860 838 3923 denique
852 3877 884 3910 ex
900 3863 959 3927 ipsa
971 3861 1160 3925 misericordia,

672 3942 749 3990 qnam
762 3929 819 3993 Aeg
802 3944 865 3979 <reris
883 3945 945 3994 erga
964 3929 1080 3979 Medeam
1097 3942 1162 3994 prae

672 4011 701 4045 se
713 3995 761 4045 lert
763 4035 769 4059 ‚
752 3999 855 4047 tnasei
867 3998 968 4048 videtur
981 3996 1086 4047 Medeae
1098 4011 1161 4047 ecn-

672 4063 760 4113 silium
776 4064 808 4114 ab
826 4067 885 4131 ipsc
903 4068 991 4130 Aegeo
1009 4064 1160 4130 perfugium

673 4132 836 4196 impetrandi.
