2588 4574
216 281 277 345 102

580 272 863 325 EURIPIDIS

160 478 163 483 ·
213 446 312 530 φίλος
329 432 435 523 γένοι’
455 431 500 503 ἂν
518 428 829 521 κᾶπιιιηρναενμασι

214 538 277 610 οὐκ
294 537 338 607 dv
356 545 489 606 πίθοιο·
509 532 598 622 τάμὰ
615 532 679 621 μὲν
697 530 762 622 γὰρ
781 529 926 618 ἀσθενῆ,

212 657 282 721 τοῖς
302 637 336 708 d'
356 637 455 725 ὄλβος
475 637 546 706 ἐστὶ
563 636 619 703 καὶ
638 633 739 722 δόμος
756 628 969 723 τυραννικός.

1188 647 1239 701 tto

637 764 736 814 AII'E
745 763 771 812 Τ
778 763 809 812 Σ.

213 840 344 930 πολλὴν
362 843 494 926 ἔλεξας,
514 831 540 907 οἷ
558 836 678 925 γύναι,
696 841 908 926 προμηθίαν·

215 941 291 1012 vitt’
312 949 345 1012 εἰ
361 947 457 1011 δοκεῖ
472 960 524 1009 σοι
542 944 629 1029 δρᾶν
646 933 737 1024 τάδ’,
757 934 822 1005 οὐκ
840 933 1037 1025 ἀφίσταμαι.

215 1048 292 1134 ἐμοί
305 1071 342 1113 τε
359 1041 425 1133 γὰρ
443 1040 518 1109 τάδ’
540 1040 633 1108 ἐστὶν
650 1035 898 1126 ἀσφαλέστατα,

215 1149 341 1233 σκῆψίν
358 1141 424 1212 τιν’
447 1144 582 1232 ἐχθροῖς
601 1154 674 1221 σοῖς
693 1145 812 1228 ἔχοντα
832 1135 1017 1224 δεικνύναι,

212 1245 251 1315 τὰ
270 1244 332 1315 σόν
349 1242 379 1313 τ’
401 1242 506 1334 ἄραρε
523 1249 670 1332 μᾶλλον·
701 1242 822 1328 ἐξηγοῦ
840 1239 955 1319 θεούς.

1186 1253 1239 1325 vno

280 1476 313 1527 V.
325 1477 383 1526 733.
407 1464 677 1538 ιιοῖπιιιηρναενμαοι
689 1471 730 1520 vei
741 1462 816 1522 ιιιῖπὶ
833 1462 1030 1537 κηρακεύμαοι
1042 1470 1109 1520 libri.
1135 1467 1239 1529 Scho-

213 1544 328 1594 liastes
341 1542 443 1591 videtur
454 1531 731 1605 κάπικηρνιιενματα
745 1539 847 1603 legisse.

283 1611 316 1664 V.
332 1612 390 1660 735.
409 1606 460 1660 καὶ
472 1600 642 1674 τυραννικὸς
656 1603 745 1671 δόμος
759 1607 807 1666 bc,
821 1606 933 1655 fortasse
945 1606 1021 1655 etiam
1033 1606 1081 1656 ad.

281 1678 314 1727 v.
330 1679 387 1728 raa.
408 1671 506 1740 ἒιιεας
519 1667 550 1726 ἐι
563 1671 657 1740 taynus
670 1673 689 1724 c
702 1687 726 1724 a
737 1673 798 1724 oe.
816 1673 889 1739 οηρ.
905 1668 1004 1736 tiseos
1017 1659 1039 1725 ὦ
1051 1663 1151 1738 γύναι,
1165 1675 1238 1736 quon

213 1745 307 1795 babent
318 1746 395 1794 ceteri
406 1745 473 1793 libri.

548 1823 632 1872 στερα

280 1880 313 1930 V.
332 1881 390 1932 738.
416 1869 621 1943 ἀσφαλέστατα
639 1876 668 1929 B.
698 1868 900 1941 ἀσφαλέστερα
917 1875 942 1923 Β
965 1890 1023 1925 cum
1041 1874 1158 1994 Scrigpt.
1178 1873 1238 1929 cnr.

213 1958 266 2014 pat.
281 1949 338 1998 782.
358 1937 562 2012 ἀσφαλέστατα
575 1945 650 1995 ceteri
663 1943 730 1996 libri.
748 1943 965 1992 Scholiastes:
990 1941 1092 1994 Tetrica
1124 1958 1183 1994 νιοι
1197 1941 1237 2011 τῷ

214 2014 302 2083 χορῷ,
317 2010 389 2066 ἔνιοι
402 2013 436 2094 τη
449 2012 571 2079 Μηδείᾳ
583 2008 784 2078 προσνέμουσι.

281 2083 315 2130 V.
328 2083 387 2131 740.
407 2096 496 2146 αρηρε
508 2081 534 2131 Β
547 2081 660 2129 Aldus.

212 2287 289 2336 etiarn
303 2275 504 2350 ἐπικηρνκοῑαι
514 2282 546 2331 de
561 2284 617 2332 eius
627 2282 698 2332 modi

213 2353 450 2402 denuntiationibus
469 2361 494 2400 et
509 2350 698 2415 expostulatio-

212 2421 288 2469 nibus
301 2420 406 2484 saepius
419 2428 567 2484 usurpatur,
581 2418 608 2466 in
621 2432 698 2479 quarn

211 2503 264 2537 rem
284 2497 352 2536 recte
372 2489 423 2536 iam
441 2486 602 2535 contulerunt
621 2485 699 2535 inter-

211 2552 696 2620 protesAeschyliSept.adv.Theb.

211 2621 464 2674 632.ed.Hermann.
483 2620 515 2669 Et
524 2621 628 2670 dativus
640 2621 698 2682 qui-

211 2689 270 2737 dem
286 2681 544 2753 ἐπικηρνιενμασι,
564 2688 652 2750 quiin
669 2687 700 2736 li-

211 2755 264 2804 bris
278 2757 397 2805 omnibus
410 2756 524 2814 habetur,
538 2755 638 2804 videtur
650 2755 700 2804 hoc

210 2822 267 2872 loco
281 2824 432 2887 aptissimus
446 2838 511 2874 esse.
541 2821 569 2871 Si
582 2825 640 2884 quis
653 2838 699 2872 au-

211 2899 262 2939 tent
285 2899 390 2940 auctore
410 2890 543 2954 Didymo
565 2891 604 2951 id,
629 2891 699 2952 quod

229 2971 258 3006 ro
283 2960 405 3008 varietate
428 2958 545 3008 lectionis
573 2957 697 3021 adfertur,

210 2972 464 3091 Ξπικηρνκεύματα
489 3027 698 3092 anteponendum

211 3108 269 3142 esse
294 3094 437 3154 existimat,
463 3095 485 3142 is
508 3094 610 3143 debebit
629 3094 698 3143 hunc

210 3161 385 3208 accusativum
403 3169 526 3219 statuere,
546 3175 596 3209 non
616 3162 699 3209 norni-

211 3227 336 3277 nativum.
361 3226 456 3275 Eadem
475 3238 559 3275 autern
572 3230 697 3276 sententia

209 3306 262 3354 qua
271 3293 372 3341 dativus
383 3293 459 3341 etiam
468 3295 629 3342 accusativus
639 3309 697 3342 cnm

209 3358 632 3422 verboneldeodavnlioqnodam
641 3375 697 3410 mo*

209 3427 244 3476 do
257 3426 435 3491 coniungitur,
450 3427 526 3475 veluti
539 3428 563 3474 in
573 3427 696 3477 Herodoti

168 3512 172 3521 ·
210 3494 255 3544 lib.
279 3494 346 3546 VIII.
372 3495 414 3545 81.
441 3488 472 3544 οἱ
492 3493 617 3555 πλεῦνες
640 3495 698 3548 τῶν

209 3559 376 3628 στρατηγῶν
404 3553 457 3614 οὐκ
482 3555 637 3615 ἐπείθοντο
661 3556 696 3614 τὰ

209 3622 433 3695 ἐξαγγελθέντα.
455 3631 487 3682 ci.
504 3632 697 3682 Valckenar.

208 3697 242 3746 ad
254 3698 360 3762 Hippoi.
373 3701 448 3750 1288.
461 3715 489 3764 p.
501 3701 560 3753 343.
573 3701 613 3750 ed.
623 3701 695 3766 Lips.

210 3766 241 3812 A.
253 3763 408 3814 Matthiae
417 3782 456 3832 gr.
464 3767 507 3818 Gr.
518 3768 694 3832 ampl.§.421.

209 3830 270 3883 adn.
284 3832 306 3878 1.
318 3846 345 3895 p.
357 3834 415 3882 773.

241 3897 275 3950 V.
289 3898 346 3950 736.
370 3892 501 3965 πολλὴν
519 3895 643 3964 ἔλεξας
661 3928 694 3938 -

208 3962 432 4032 προμηθίαν]
455 3968 512 4017 Iure
529 3968 692 4020 Porsonus

207 4031 276 4081 dixit
292 4026 391 4094 ἔλεξας
404 4048 461 4083 esse
477 4033 531 4083 fere
547 4036 616 4084 idem
628 4052 658 4086 ac
670 4039 693 4087 si

207 4093 694 4171 ἀίκίοοοιἔδειξαςένλόγοιςΝοῐαμι

207 4171 619 4235 sermouetuoprodidisti.
645 4172 694 4232 Qui

749 2281 798 2330 boc
810 2280 935 2329 nonsatis
948 2279 1136 2346 intellexerunt,
1147 2281 1240 2330 viden-

749 2359 790 2397 tur
807 2347 952 2413 glossema,
970 2348 1060 2409 inquo
1077 2357 1132 2397 erat
1148 2339 1180 2398 ἓν
1194 2339 1240 2399 td-

749 2431 811 2481 γοις
831 2415 969 2480 scriptum,
990 2416 1161 2498 apposuisse,
1185 2430 1238 2478 quo

749 2492 852 2548 recepto
862 2483 993 2532 vocativus
1007 2500 1029 2533 ω
1040 2498 1138 2547 γνναι,
1150 2484 1197 2546 qni
1205 2484 1239 2533 ad

748 2550 818 2599 huvto
832 2551 917 2599 locum
934 2559 974 2600 est
990 2550 1156 2616 aptissimus,
1173 2565 1239 2614 quo·

749 2620 818 2667 niam
828 2633 843 2668 a
852 2619 958 2667 muliere
966 2628 1063 2668 tantam
1074 2618 1239 2683 prudentiam

749 2687 794 2735 vix
811 2688 1015 2751 exspectaveris,
1038 2685 1159 2736 exclusus
1180 2701 1240 2737 esse

749 2754 858 2804 videtur.

783 2822 816 2871 V.
835 2822 893 2872 738.
918 2814 993 2871 τάδ’
1012 2812 1109 2872 ἐστὶν
1124 2812 1238 2886 ἄσφα-

751 2884 917 2952 λὲοτατα]
935 2888 989 2937 Ηοο
1005 2890 1118 2953 primum
1132 2887 1238 2954 Aegeus

749 2971 837 3022 perse
848 2957 924 3021 ponit
934 2956 1066 3018 absolute3
1080 2957 1125 3017 qui
1141 2946 1238 3022 ἄσφα-

751 3021 867 3090 λέστερα
880 3025 1046 3089 scripserunt,
1057 3023 1177 3074 videntur
1189 3023 1239 3074 hoc

750 3107 808 3141 curn
830 3107 906 3141 versu
925 3093 999 3152 740..
1018 3093 1061 3141 ubi
1079 3100 1119 3142 est
1134 3083 1169 3143 τὸ
1187 3084 1239 3144 σόν

750 3153 779 3210 τ’
792 3149 881 3223 ἄραρε
895 3157 1018 3223 μᾶλλον,
1035 3174 1180 3221 exaequare
1191 3174 1240 3210 ro·

750 3227 839 3276 luisse.

783 3294 817 3343 V.
832 3295 889 3343 ⁷40.
913 3285 1039 3358 ἐξηγοῦ
1056 3286 1184 3361 θεούς]
1203 3286 1237 3345 τὸ

750 3355 783 3412 δὲ
807 3351 933 3426 ἐξηγοῦ
957 3353 1066 3420 θεοὺς
1094 3351 1162 3413 ἀντὶ
1185 3359 1239 3413 τοῦ

749 3417 873 3548 ὀνόμαζε
886 3421 953 3487 τοὺς
962 3420 1062 3491 θεούς,
1074 3417 1124 3488 οὓς
1137 3421 1237 3494 βούλει

748 3512 784 3562 με
813 3511 909 3562 μοοαι.
926 3511 1024 3546 senon.
1043 3496 1089 3545 Est
1100 3496 1238 3562 placeba-

748 3566 860 3614 tinorum
885 3565 1012 3630 praeire
1036 3564 1131 3614 verba
1154 3565 1237 3615 iuris

748 3634 889 3693 iurandi,
925 3632 984 3681 vide
1014 3630 1079 3683 Liv.
1110 3631 1180 3685 VIII.
1211 3634 1237 3684 9.

747 3703 874 3766 praeire
897 3714 1020 3749 carmen
1045 3698 1112 3750 Liv.
1136 3698 1237 3750 XXXI.

749 3769 788 3818 17.
811 3778 835 3818 et
855 3768 905 3817 alia
926 3767 952 3816 id
973 3783 1056 3834 genus
1077 3767 1166 3818 multa.
1197 3765 1235 3817 Gi.

747 3834 909 3885 Demosth.
933 3835 965 3884 de
988 3835 1047 3885 inis.
1070 3835 1120 3901 leg.
1143 3836 1168 3897 9.
1193 3836 1237 3886 to.

745 3894 1012 3969 ὑπογραμματεύων
1027 3894 1081 3969 γὰρ
1098 3896 1173 3970 ὑμῖν
1184 3898 1236 3954 καὶ

745 3962 897 4037 ὑπηρετῶν
908 3969 942 4036 τῇ
960 3968 1049 4037 boote}
1063 3963 1152 4031 αὐτὸς
1170 3962 1235 4052 ἔξη-

745 4041 824 4105 vetto
837 4031 888 4090 τὸν
900 4036 991 4120 νόμον
1007 4035 1112 4091 τοῦτον
1130 4037 1168 4104 τῷ
1182 4054 1234 4104 αη-

745 4122 820 4173 ρνιιι.
846 4107 875 4156 [(1
892 4098 1023 4172 ἐξαρχειν
1039 4095 1128 4171 ὅρκον
1140 4108 1234 4157 dicitur

745 4176 771 4223 in
783 4174 868 4240 lphig.
882 4175 958 4226 Toni,
974 4177 1031 4228 728.
