2566 4574
527 251 711 305 MEDEA.

70 398 181 491 ἦλθες
206 404 312 495 πρὸς
333 403 445 493 ἡμᾶς,
463 398 584 493 ἦλθες,
604 414 756 495 ἔχθιστος
774 411 881 497 γεγώς

66 514 168 586 θεοῖς
189 533 236 575 τε
256 505 376 594 κάμοὶ
395 512 500 575 παντί
513 505 543 575 τ’
563 505 759 597 ἀνθρώπων
775 513 883 598 γένεα

67 606 168 675 οὗτοι
187 607 345 693 θράσος
363 604 440 676 to'd’
461 610 571 695 ἐστίν,
589 606 668 678 οὐδ’
688 608 860 701 εὐτολμία,

67 714 202 794 φίλους
224 712 357 788 κακῶς
376 706 539 798 δράσαντ’
559 712 714 780 ἐναντίον
731 714 879 799 βλέπειν,

67 804 148 875 ἄλλ’
171 806 197 896 ἡ
218 814 383 896 μεγίστη
400 815 470 877 τῶν
488 813 526 879 ἐν
543 808 739 899 ἀνθρώποις
756 813 869 882 νόσων

10 954 12 971 .
67 914 221 996 πασῶν,
245 906 425 978 ἀναίδει’·
452 902 493 979 εὖ
511 910 544 978 d’
566 914 726 1000 ἐποίησας
742 914 866 1002 μολών.

10 1002 12 1059 3
66 1009 136 1096 ἐγώ
155 1036 200 1079 τε
220 1008 302 1100 γὰρ
323 1009 448 1092 λέξασα
465 1013 736 1102 νονφισθήσομαι

1071 1037 1123 1088 470

134 1208 174 1257 t’.
190 1208 266 1257 465.
290 1223 308 1255 e
322 1222 347 1260 v.
362 1209 437 1258 1313.
450 1207 500 1256 lruc
512 1218 647 1258 retractum
660 1227 718 1260 esse
730 1212 796 1259 dixit
808 1211 998 1264 Bruncliius.

135 1275 173 1326 i'.
189 1275 372 1328 466-469.
390 1274 488 1325 habent
500 1273 661 1326 Stobaeus
679 1279 754 1327 lloril.
769 1278 879 1329 XXXll.
892 1283 914 1330 5.
928 1281 978 1331 vol.
992 1281 1023 1334 ll.
1036 1296 1062 1346 p.
1077 1286 1119 1336 3³2.

65 1341 95 1393 l'.
108 1342 179 1393 466.
195 1343 247 1395 67.
268 1341 479 1392 Herodianus
491 1339 556 1408 περὶ
570 1334 685 1409 daupei.
699 1347 725 1394 in
737 1342 953 1396 Boissouadii
966 1348 1062 1398 Anecd.
1076 1350 1117 1399 lll.

64 1424 88 1473 μ’
101 1410 170 1526 ²⁶1³.
186 1476 260 1526 aaa.
283 1466 353 1525 οὖα
365 1474 426 1526 σο.
445 1476 577 1540 etymol.
591 1477 665 1530 artu.
678 1495 705 1545 p.
719 1482 777 1531 255.

95 1645 131 1693 t‘.
145 1644 285 1695 465.'1m
288 1644 376 1708 perite
387 1659 452 1693 sane
462 1644 503 1693 hic
516 1661 581 1707 quo-

62 1726 114 1773 que
140 1724 239 1760 artem
266 1711 389 1759 criticam
421 1711 579 1771 factitarunt,

61 1782 107 1841 qui
115 1778 196 1828 hunc
208 1792 336 1841 versum,
347 1779 392 1840 qui
401 1778 579 1835 inlrav.1313.

61 1847 197 1896 insimili
218 1846 360 1895 sententia
374 1847 493 1912 ponitur,
511 1847 579 1897 dele·

60 1924 174 1973 rerunt,
190 1927 368 1976 quamquam
379 1913 438 1963 libri
453 1928 540 1964 omues
554 1926 578 1964 et

61 1978 194 2047 Script.
223 1978 294 2032 Chr.
318 1990 373 2045 pat.
385 1995 411 2031 v.
423 1981 482 2035 286.
495 1997 578 2047 agno-

60 2060 149 2099 scunt.
178 2047 259 2098 Sunt
272 2048 345 2097 enirn
357 2047 421 2097 haec
432 2050 509 2098 verba
521 2051 576 2099 eins

59 2116 152 2177 modi,
167 2126 203 2165 ut
217 2114 348 2178 Graecis,
367 2118 521 2180 praesertim
533 2132 576 2166 co·

59 2185 188 2249 piosiore
213 2182 358 2247 epicorum
375 2185 510 2248 poetarum
522 2200 577 2233 ser-

59 2266 143 2302 mone
171 2248 363 2310 adsuel'actis,
380 2250 475 2299 nullam
499 2251 576 2316 plane

58 2319 227 2369 molestiam
251 2317 342 2366 l'aoere
376 2319 522 2382 potuerint,
553 2321 576 2368 si

60 2387 175 2449 quando
192 2387 226 2434 in
243 2384 329 2434 simili
340 2398 419 2434 caasa
430 2398 575 2452 repeteren-

59 2466 113 2509 tur.
138 2453 219 2503 Nam
234 2452 284 2514 qui
293 2451 413 2502 dixerunt
423 2453 509 2503 Iasoni
520 2468 575 2502 ma-

58 2523 101 2587 gis
126 2521 286 2571 convenire
305 2521 450 2584 posteriore
470 2521 526 2570 loco
545 2536 574 2570 ea

58 2590 143 2639 rerba
159 2602 253 2651 quam
266 2586 320 2636 hoo
335 2587 392 2637 loco
405 2588 522 2647 Medeae,
542 2604 573 2638 ne

56 2658 103 2706 isti
132 2656 225 2705 valde
247 2663 346 2705 errant.
385 2655 485 2704 Etenim
502 2671 573 2705 sum-

56 2740 103 2774 ma
116 2721 254 2774 laedendi
268 2722 410 2786 cupiditate
418 2723 519 2772 ducitur
531 2723 572 2772 lric

56 2792 170 2857 Medea,
186 2800 223 2839 ut
235 2804 293 2838 non
304 2799 356 2839 tam
368 2789 418 2839 hoc
426 2791 571 2839 mirandum

57 2862 110 2919 sit,
129 2858 216 2921 quod
234 2866 411 2922 postvocem:
438 2851 571 2923 ἔχθιστος

57 2918 174 3009 papeia,
191 2924 362 2974 adiunxerit:
380 2923 465 2984 θεοῖς
477 2939 507 2975 τε
519 2920 571 2975 κοῒ-

58 3010 113 3059 μοι
125 2990 236 3044 παντί
255 2984 286 3041 τ’
307 2981 570 3057 ἆνθρώτωννὲνει,
622 2991 639 3057 β

58 3062 164 3124 quibus
179 3057 415 3109 summahominis
427 3062 569 3109 exsecratio

58 3131 241 3190 continetur,
269 3128 382 3187 quamsi
395 3141 448 3176 uon
459 3128 570 3177 adiecis-

60 3212 103 3247 set
120 3198 197 3245 irata
216 3192 324 3254 mulier,
342 3209 408 3255 quae
425 3194 458 3243 ad
475 3206 568 3244 statum

58 3278 208 3330 personae
231 3274 296 3310 sunt
314 3262 459 3326 aptissima.
504 3261 568 3311 Nam

58 3332 139 3394 quod
152 3330 189 3383 G.
205 3328 407 3378 Hermannus
423 3329 489 3378 dixit
500 3331 571 3378 laso-

58 3414 124 3449 nem
152 3396 273 3447 Medeae
300 3397 404 3458 quidem
428 3398 570 3461 pessimum

59 3468 151 3516 rideri
163 3479 268 3531 posse,
287 3464 333 3513 sed
349 3478 401 3514 non
414 3465 464 3513 iam
477 3464 518 3513 dis
531 3476 571 3513 at-

60 3550 117 3597 que
138 3531 302 3582 hominibus
313 3567 321 3591 ,
342 3531 370 3580 id
390 3541 570 3595 argumentum

62 3600 131 3651 nihil
145 3599 239 3659 valet,
253 3599 447 3663 primumquod
460 3598 482 3647 si
497 3600 571 3648 omit-

63 3680 167 3719 teretur
180 3666 228 3715 lric
240 3680 342 3726 versus,
355 3680 387 3715 ne
396 3665 502 3715 Medeae
514 3667 570 3728 qni·

62 3737 124 3786 dem
139 3747 279 3801 persona,
297 3734 339 3782 cui
356 3733 474 3782 inienuus
492 3743 568 3792 esset,

63 3804 248 3860 iudicaretur,
267 3809 321 3849 tum
333 3801 404 3863 quod
417 3800 507 3861 Iason,
526 3802 569 3862 qui

68 3872 106 3920 ius
120 3868 272 3920 iurandum
284 3878 362 3930 atque
378 3866 469 3927 fidem,
492 3883 569 3930 quam

68 3938 179 3988 dederat
197 3934 320 3996 Medeae,
338 3935 493 3994 violaverat,
513 3936 569 3983 inre

70 4005 119 4054 iam
130 4006 187 4055 lroc
205 4004 266 4053 loeo
279 4003 330 4053 dici
351 4012 464 4069 poterat,
482 4003 568 4051 inimi-

73 4074 197 4123 cissimus
210 4086 273 4121 esse
284 4086 337 4121 non
355 4071 440 4120 solum
453 4069 566 4127 Medeae,

72 4152 160 4190 terum
179 4141 262 4191 etiam
278 4139 319 4191 dis
338 4149 416 4201 atque
434 4139 502 4187 omni
520 4137 567 4185 ho-

632 1648 729 1697 miuum
751 1651 847 1713 generi.
881 1649 917 1700 Cf.
940 1651 1115 1702 l'irnlraber

631 1715 648 1763 l.
662 1729 683 1763 ο.
697 1731 723 1779 p.
739 1718 786 1766 151
800 1734 857 1778 sqq.

665 1775 1114 1846 V.466.odeoti)ooiooetdd’

630 1840 810 1915 sativum]
839 1842 949 1912 θράσος
971 1852 996 1897 iu
1020 1853 1114 1901 bonam

630 1927 729 1981 partem
742 1917 878 1980 accipitur,
892 1918 964 1965 cuius
975 1920 1012 1965 rei
1027 1934 1115 1967 exem-

630 1983 674 2048 pla
687 1983 859 2032 Elmslcius
877 1984 940 2032 haee
952 1986 1041 2049 posuit
1052 1984 1115 2035 So-

628 2050 723 2115 plrocl
732 2052 757 2100 is
770 2050 876 2103 Plriloct.
887 2054 943 2101 104.
953 2052 1113 2107 Electrdll),

628 2119 797 2183 Euripidis
818 2118 911 2168 Alcest.
932 2122 1001 2179 604„
1024 2122 1067 2170 ubi
1089 2138 1114 2175 v,

628 2185 805 2246 Moukium,
836 2184 928 2251 Suppl.
959 2189 1017 2238 609.
1066 2189 1113 2239 His

627 2253 798 2317 Pflugklus
825 2254 924 2303 addidit
945 2254 1058 2320 interpp.
1079 2258 1113 2306 ad

627 2320 1113 2385 Luoian.t.lll.p.94sq.commemo-

625 2390 741 2449 ravitque
749 2388 818 2435 hunc
829 2388 914 2437 locum
930 2399 1044 2441 notatum
1055 2406 1112 2440 esse

626 2470 640 2503 a
651 2456 818 2519 grammatico
828 2470 842 2502 e
852 2455 953 2504 schedis
960 2456 1111 2506 llulencam-

624 2522 662 2587 pii
675 2522 742 2570 edito
756 2532 814 2570 ante
826 2521 964 2575 Ammon.
987 2523 1111 2574 Valcken.
1127 2570 1130 2574 .

623 2605 649 2654 p.
663 2588 715 2640 LII.
728 2589 768 2642 ed.
792 2587 875 2653 Lips.,
892 2589 936 2637 ubi
956 2590 1019 2639 haec
1034 2593 1112 2641 verba

624 2667 759 2722 corrupta,
782 2657 829 2706 sed
850 2656 935 2705 facilia
960 2668 1045 2707 tamen
1075 2660 1109 2708 ad

623 2725 808 2774 restituendum
816 2724 979 2773 haberentur:
993 2717 1109 2790 οὕθροὶ-

623 2806 671 2851 σος
700 2782 763 2842 τόδ’
795 2787 885 2852 ἔστιν,
919 2784 988 2841 οὐδὲ
1018 2789 1108 2858 τόλμη

622 2850 703 2975 golid’
722 2849 803 2909 εὖτολ
826 2853 869 2937 ία]
893 2856 1109 2922 mendositate

643 2921 787 2988 ράσαντας
796 2875 959 2988 ὥοαοανί]
970 2919 1107 2986 ἐναντίως

642 2987 749 3042 λέπειν.

656 3059 755 3110 vett,
770 3050 1109 3120 φίλονςαακῶςὸροῖ-

621 3120 730 3192 σαντ’]
763 3123 860 3176 Hccub,
878 3124 935 3174 845.
965 3121 1015 3175 καὶ
1039 3117 1108 3183 τούς

620 3188 730 3251 κακοὺς
747 3189 821 3256 δρᾶν
842 3191 992 3257 πανταχοῦ
1010 3192 1108 3252 κακῶς

620 3254 676 3314 ἀεί.
701 3257 738 3309 ot.
752 3259 905 3309 Matthiae
917 3275 955 3325 gr.
969 3260 1012 3310 Gr.
1026 3261 1105 3326 ampl.
1141 3263 1145 3271 '

620 3329 643 3390 ξ.
656 3330 716 3378 415.
741 3341 867 3377 rrnoex.

656 3396 688 3445 V.
710 3397 761 3446 470
783 3410 823 3456 sq.
858 3395 935 3444 Recte
961 3397 1106 3445 observarit

622 3463 795 3512 Elmsleius
819 3463 888 3511 hunc
910 3463 1045 3511 verborum
1064 3478 1107 3512 or-

621 3531 706 3580 dinem
720 3532 816 3579 nostris
828 3530 939 3578 fortasse
956 3529 1105 3578 hominibus

621 3600 706 3647 miuus
720 3596 862 3660 elegantem
872 3595 961 3653 videri,
975 3595 1021 3643 sed
1034 3595 1106 3644 aliter

623 3665 739 3714 sensisse
755 3673 863 3710 veteres.
898 3661 936 3708 llll
957 3663 1044 3726 potius
1064 3678 1104 3722 eo,

623 3731 693 3793 quod
717 3728 811 3778 usitata
834 3727 971 3778 verborum
995 3730 1105 3781 colloca-

620 3800 691 3848 tione
702 3811 754 3845 non
767 3805 910 3856 uterentur,
929 3807 953 3846 et
970 3801 1052 3864 magis
1066 3809 1106 3848 at-

621 3876 704 3916 tentos
726 3864 831 3914 reddere
848 3863 983 3916 voluerunt
1004 3868 1104 3916 animos

621 3935 768 3983 auditorum
791 3943 815 3982 et
837 3947 889 3981 uua
910 3932 972 3984 illud
994 3933 1103 3991 efficere,

620 4012 648 4050 ut
661 4000 778 4064 singulae
795 4017 849 4060 rea,
868 4015 934 4062 quae
951 4002 1103 4057 dicerentur,

620 4070 704 4134 magis
722 4078 861 4117 exstarent.
891 4066 1055 4133 Comparavit
1072 4066 1104 4113 de

619 4132 1103 4200 hoogenereElmsleiusSopho-
