2566 4574
125 236 187 303 lffl
385 232 883 291 αυιηηυιοαιοαι

227 392 288 477 viis
305 392 427 484 μήποτ’
448 392 513 481 tyni
531 393 644 483 φύσας
663 392 788 482 ὄφελον

278 494 363 586 πρὸς
381 500 447 565 σοῦ
463 496 651 585 φθιμένους
671 494 855 564 έπιδέσθαι.

470 611 472 615 ’
561 626 713 678 xoeos

228 704 365 769 πολλῶν
381 705 501 788 ταμίας
519 698 608 779 Zetis
626 701 663 767 έν
677 696 848 791 Ὀλύμπῳ,
1093 780 1098 791 .

227 800 335 871 πολλοὶ
355 798 389 870 δ’
410 797 561 881 ἀέλπτως
578 806 755 889 κραίνουσι
772 805 864 869 θεοί·
1080 819 1147 872 1405

125 942 128 949 ·
230 904 287 972 καὶ
304 902 345 972 τά
363 900 543 990 δοκηθέντ’
564 900 628 972 οὐκ
647 902 817 988 ἐτελέσθη,

228 1010 298 1074 τῶν
316 1002 349 1073 δ’
370 1002 544 1090 ἀδοκήτων
562 1002 670 1093 πόρον
688 996 767 1093 εὗρε
783 1000 874 1083 θεός.

279 1103 406 1175 τοιόνδ’
427 1103 535 1194 ἀπέβη
553 1105 632 1176 τόδε
649 1109 797 1195 πρᾶγμα.

195 1306 229 1355 V
243 1306 317 1357 1408.
336 1298 403 1356 τόδε
421 1297 521 1355 stlte.
536 1304 734 1369 subscriptum
728 1318 753 1352 ιιι
771 1312 861 1353 aete.
881 1311 945 1352 teste
961 1317 1053 1369 apogr.
1067 1304 1148 1354 Vena

126 1365 199 1438 πρὸς
216 1365 346 1438 διάφοοα
358 1364 539 1451 ἀντίηραφα.
564 1372 723 1423 Διονυσίου
741 1362 890 1436 ὁλοσχερὲς
906 1370 960 1422 καί
973 1388 1041 1423 τινα
1058 1365 1150 1423 Διδυ-

127 1457 192 1507 μου
216 1441 302 1490 Verba
313 1431 385 1504 πρὸς
397 1433 527 1505 διάφορα
540 1431 705 1505 ἀντίγραφα
717 1439 837 1504 leguntur
848 1455 862 1488 e
864 1440 925 1488 tiam
942 1441 968 1488 in
981 1440 1038 1490 υοδ.
1050 1440 1151 1490 Veneto

129 1509 161 1559 cl
174 1508 220 1558 IX.
234 1524 260 1558 ιι.
275 1510 315 1558 11.
330 1507 363 1556 cf.
377 1508 515 1573 subscript.
529 1506 635 1558 Orestis.

160 1679 194 1757 V.
214 1679 288 1731 1402.
317 1693 377 1737 ους
397 1672 523 1743 μηποτ
547 1668 612 1742 ἐγώ
664 1676 886 1734 Ηοιιιιοιιιιιιιιι,
908 1693 953 1739 qui
970 1677 1003 1727 ad
1019 1676 1149 1732 Bacchas

129 1738 241 1812 φάσας
270 1737 400 1810 ὄφελον
429 1735 500 1812 κτὲ]
536 1744 613 1794 Recte
664 1743 757 1802 ‘Qui-t
756 1753 840 1793 aetum
857 1746 914 1805 s1t’
927 1746 1023 1807 inquit,
1042 1745 1151 1794 ‘utEu-

128 1815 308 1864 animadveitit
342 1812 524 1863 Schoenius
563 1813 613 1863 hoc
663 1812 760 1877 ripides
785 1814 899 1875 quinque
926 1812 1027 1862 fabulas
1057 1814 1151 1863 iisdem

128 1882 185 1932 loeo
221 1874 316 1946 φύσας
349 1881 535 1959 premendum
546 1897 612 1931 esse.
663 1881 781 1930 veisibus
797 1880 904 1941 finierit,
921 1895 973 1931 non
989 1882 1095 1930 memini
1110 1897 1151 1931 me

128 1950 176 2000 Est
193 1951 261 1999 enim
278 1951 353 2011 quasi
370 1949 475 2002 dixerit:
501 1965 552 2008 ους
573 1940 614 2066 μη
664 1963 839 2014 aquoquam
862 1950 1030 2013 interpretum
1052 1949 1152 1998 iudiea-

128 2012 195 2068 ποτ’
224 2008 278 2082 ἐγὼ
308 2013 399 2081 φῦσαι
428 2033 443 2067 ο
472 2018 535 2068 ελον
562 2033 600 2067 κα
664 2028 718 2065 tum
743 2017 845 2082 legisse.
882 2015 997 2075 Scilicet,
1021 2025 1050 2066 ut
1072 2016 1101 2066 fit
1124 2018 1152 2065 in

128 2076 200 2149 πρὸς
209 2097 261 2135 σου
250 2081 436 2163 φθιμένους
432 2008 612 2142 νέπιδέσθαι,
664 2084 779 2148 theatris,
793 2099 873 2147 quum
884 2094 1000 2134 actorum
1017 2094 1104 2149 partes
1117 2085 1152 2134 ιδ

129 2152 267 2201 autetiam
284 2140 335 2208 οὓς
353 2145 393 2217 μή
410 2168 464 2202 ποι
467 2143 542 2229 ’ἐγώ
561 2150 616 2216 φῦ·
665 2151 743 2200 flnem
755 2152 877 2202 deductae
889 2162 984 2212 essent,
998 2161 1085 2201 tantus
1099 2162 1154 2202 erat

130 2233 179 2270 σαι
189 2209 341 2284 ὄφελον,”
319 2232 389 2269 ωστε
398 2219 469 2285 πρὸς
481 2234 532 2270 σου
521 2217 616 2284 φθι-
666 2221 825 2285 surgentium
838 2228 914 2282 atque
926 2220 1075 2269 abeuntium
1087 2230 1153 2270 stre-

128 2278 233 2353 μένους
245 2278 411 2339 έπιδέσθαι.
666 2289 750 2352 pitus,
767 2297 795 2337 ut
806 2303 872 2349 quse
885 2287 977 2337 chorus
990 2288 1018 2336 in
1030 2289 1101 2337 exitu
1112 2288 1153 2337 fa-

164 2356 196 2405 V.
217 2356 283 2405 1404
299 2370 356 2417 sqq
380 2355 418 2404 De
439 2355 480 2404 his
496 2354 614 2404 versibus
665 2355 741 2404 bulae
756 2357 862 2404 recitare
878 2355 988 2414 solebat,
1009 2356 1055 2404 vix
1072 2371 1152 2405 exau-

129 2423 155 2471 in
191 2423 261 2471 exitu
292 2422 443 2487 Alcestidis‚
471 2422 616 2472 Androma-
667 2423 716 2472 diri
733 2432 849 2488 possent.
876 2423 914 2472 Εο
932 2423 1041 2487 factum,
1060 2433 1089 2473 ut
1101 2423 1153 2474 iilis

130 2490 203 2553 chae,
217 2489 386 2552 Baccharum,
399 2491 509 2541 Helenae
521 2492 614 2555 repeti·
666 2490 737 2541 choi-i
759 2492 875 2541 versibus
894 2506 985 2556 parum
1007 2507 1083 2541 surae
1103 2492 1152 2540 im-

130 2559 164 2607 tis
177 2559 413 2609 Witzschelius
430 2559 570 2625 appellavit
586 2558 615 2609 G.
667 2559 843 2624 penderetur!
