2588 4574
135 310 195 372 1¹22
468 304 789 374 'EURIPIDIS

233 487 340 552 λωτοῦ
364 481 472 569 χάρις,
500 490 548 550 ina
575 511 608 550 ss
636 489 762 562 δαῖτες·

235 587 284 667 οἵη
310 583 340 652 δ’
373 582 504 671 εὔχαρις
527 583 721 675 Ἀφροδίτα.

234 682 375 772 τερπνὸν
403 691 436 752 ds‘
461 713 494 753 ss
519 692 574 753 καὶ
598 694 706 778 ,φίλων
732 684 787 773 oip'

234 787 389 879 εὐτυχίαν
414 793 550 854 ἰδέσθαι
608 784 635 803 ”

235 892 304 955 τῶν
333 887 444 972 πάρος
470 887 510 955 οὐ
539 888 738 956 δοκούντων.

233 987 341 1057 πολλοὶ
369 989 434 1076 yoip
463 995 562 1056 τίκτει

233 1095 352 1180 Μοῖρα
381 1088 648 1180 τελεσσιὸώτειρ’,

235 1190 329 1260 Ainis!
357 1218 389 1260 ts
419 1188 553 1279 Κρόνου
580 1207 670 1272 παῖς.
1098 1187 1158 1249 000

134 1423 247 1474 lmmirrti
266 1429 327 1473 suot
345 1425 388 1474 alii
407 1438 513 1487 versus,
537 1426 609 1476 velut
633 1424 756 1490 strophae
774 1421 798 1470 α’
817 1439 841 1472 r.
864 1426 871 1474 t
896 1431 936 1472 est
954 1423 1077 1474 trimeter
1097 1425 1159 1474 iarn-

134 1495 208 1544 bicus
229 1494 405 1546 catalecticus.
450 1492 572 1545 liiusdem
596 1492 719 1559 strophae
739 1509 762 1546 v.
782 1493 799 1542 7
823 1509 854 1544 ex
875 1492 973 1542 cretico
993 1501 1020 1542 ct
1038 1493 1159 1558 spondeo

134 1577 193 1614 essa
211 1561 326 1612 videtur:
347 1562 393 1613 sed
414 1563 521 1613 multum
542 1579 650 1624 vereor,
670 1578 701 1614 ne
721 1578 761 1615 vv.
780 1563 806 1625 7,
825 1561 852 1624 8,
870 1562 885 1615 0
905 1562 1080 1626 coniungendi
1100 1564 1159 1622 sint,

134 1630 320 1750 11111οὸ111εὲ11
338 1646 429 1682 sersus
449 1649 463 1682 e
482 1633 587 1694 cretico,
608 1634 743 1698 Glyconeo
757 1637 784 1684 et
795 1631 971 1682 Pherecrates
984 1633 1176 1698 compositus·

134 1701 156 1750 P
186 1701 205 1750 L
234 1700 255 1748 G
286 1735 292 1748 .

202 1768 232 1821 V.
250 1767 310 1822 803.
346 1771 393 1818 ἔν.
415 1788 448 1820 τε
473 1769 604 1836 δαῖτες]
630 1772 676 1822 Sic
696 1770 729 1823 de
749 1769 783 1820 G.
802 1768 985 1819 Hermanni
1006 1770 1159 1820 coniectura

134 1837 237 1902 scripsit
257 1839 443 1903 Pllngkins,
462 1840 487 1889 id
507 1841 576 1904 qnod
596 1849 637 1891 est
656 1856 762 1906 prorsus
777 1841 916 1891 incertum.
954 1839 1025 1889 Libri
1046 1839 1089 1888 ἐνὶ
1108 1839 1158 1901 dal,
1198 1850 1200 1856 ·

133 1907 201 1958 unde
220 1907 339 1972 plerique
358 1909 390 1960 de
410 1910 560 1961 conlectura
580 1909 685 1961 Canteri
706 1907 843 1960 ediderunt
860 1909 896 1957 ἐνὶ
915 1908 995 1958 dnsrl.

134 2076 193 2126 dam
218 2077 290 2126 sociai
314 2077 446 2129 laboribus
476 2079 531 2128 sois
560 2093 618 2141 per-

133 2146 408 2212 lnrrctit919-92i).
448 2147 603 2199 PFLUGK.

167 2217 199 2266 V.
224 2213 396 2271 802-897.
444 2218 621 2270 Delectant

134 2300 182 2334 mc
206 2291 239 2335 et
265 2285 421 2349 choreae,
446 2287 542 2350 inquit,
568 2303 620 2336 ac-

135 2355 328 2404 cinentibns
353 2356 463 2417 tibiis,
489 2362 523 2407 et
548 2372 620 2421 epu-

136 2426 205 2485 lae;
229 2423 372 2487 denique
404 2432 437 2477 et
463 2425 619 2475 Venerem

135 2491 214 2542 milri
234 2495 412 2558 propitiam
427 2495 620 2557 opto.Nunc

134 2577 212 2611 vero
256 2564 350 2612 etiam
397 2563 480 2614 illud
522 2565 620 2614 dulce

136 2646 211 2680 esse
254 2631 430 2694 intellexi,
477 2634 503 2683 si
545 2633 619 2697 qnia

135 2699 312 2750 amicorum
345 2716 396 2752 res
433 2717 619 2766 prosperas

136 2768 316 2834 adspiciat,
343 2773 435 2836 prins
463 2772 491 2820 in
516 2771 618 2822 tortu-

135 2853 173 2888 1111
197 2839 326 2889 minime
356 2840 539 2905 splendida
564 2840 619 2891 de·

136 2909 377 2960 litescentium.
421 2911 449 2960 ln
480 2908 517 2959 lris
539 2911 619 2961 facile

79 3037 82 3042 1
136 2984 249 3042 apparet
273 2979 432 3041 respondere
456 2979 568 3030 interae
589 2982 619 3030 il-

136 3049 170 3106 la,
189 3047 245 3112 ἐμοὶ
261 3047 343 3112 χορὸς
362 3052 417 3113 μὲν
436 3047 531 3110 ἡδύς,
551 3057 577 3099 et
596 3067 619 3099 v.

135 3117 196 3170 005.
214 3117 323 3180 repanda·
343 3117 376 3163 δέ
392 3137 419 3165 rs
437 3119 485 3169 nri.
524 3119 576 3167 Sed
597 3136 619 3167 v.

133 3185 195 3238 893.
221 3185 311 3234 nescio
333 3201 410 3249 ernam
441 3192 514 3236 recte
539 3189 617 3238 alise·

134 3259 233 3319 quntns
243 3254 277 3307 G.
298 3253 488 3305 Hermanno
508 3257 621 3320 seripse-

137 3326 184 3374 rim
213 3326 250 3374 ln
280 3342 307 3372 rs
338 3325 434 3380 δαῖτες.
476 3326 556 3375 Certe
584 3327 621 3374 ἔνι

137 3410 185 3459 pro
204 3410 236 3445 eo
258 3393 329 3456 qrrod
354 3401 395 3444 est
413 3396 509 3444 simnl
534 3397 621 3458 legere

137 3479 187 3513 non
212 3462 331 3523 memini,
360 3463 406 3513 sed
431 3466 470 3512 tu:
501 3471 530 3513 ut
552 3467 622 3529 apud

138 3532 234 3597 Sopil.
245 3531 312 3584 Oed.
323 3532 355 3582 T.
368 3533 417 3584 27:
437 3532 501 3585 tsd'
523 3531 536 3581 ci
556 3554 621 3602 narp-

136 3600 223 3665 φόρος
260 3596 327 3658 θεός
363 3600 477 3665 Σκήψιος
514 3603 622 3672 ἐλαύνει,

138 3671 231 3734 λοιμὸς
248 3674 389 3734 ἔχθιστος,
409 3670 502 3731 πόλιν,
523 3674 565 3723 ubl
587 3677 640 3739 ri-¹

138 3739 173 3789 de
193 3739 394 3791 Elmsleinm.
428 3740 467 3789 Cl.
486 3742 518 3790 G.
542 3742 622 3794 lier-

138 3823 239 3860 111111111.
266 3807 298 3857 ad
313 3809 405 3874 -Sopln
434 3810 478 3862 si.
499 3810 558 3865 660Ι
579 3814 618 3864 ΕΙ.

137 3879 198 3934 703.
234 3877 325 3930 Quare
343 3880 448 3937 dubini,
474 3895 506 3930 an
529 3897 617 3933 rernm

137 3949 171 3999 sic
189 3948 215 3995 ln
234 3946 260 3996 di
283 3948 380 4002 deirae.
416 3950 464 3999 Vn.
484 3950 543 4006 005.
567 3952 618 4013 tipo

139 4018 234 4083 posnit,
254 4025 281 4066 nt
297 4017 516 4081 modoexpertns.
536 4021 619 4084 [Vide

137 4103 203 4151 quac
227 4087 260 4136 de
284 4104 314 4137 ea
341 4103 370 4138 re
388 4087 440 4136 dlxi
458 4087 490 4137 ad
518 4091 618 4140 Dera-

139 4160 220 4207 rinm
240 4160 292 4208 vol.
306 4157 506 4223 reptilium.
527 4159 560 4211 lt.
571 4159 617 4223 ll.]

138 4227 173 4302 Y.
187 4225 248 4281 Str.
268 4229 341 4280 verbi
359 4227 443 4279 δοκεῖν
451 4227 617 4293 significatio·

673 2093 730 2128 nem
757 2077 884 2128 illustravi
909 2075 942 2126 ad
968 2076 1074 2128 Hecnb.
1100 2075 1160 2130 205.

672 2146 830 2198 PFLUGK.

709 2219 737 2267 V.
757 2215 912 2272 898—900.
948 2215 1025 2266 Nam
1054 2217 1161 2266 mrrlta

673 2287 828 2338 eveniunt
854 2285 982 2336 Parcae
1009 2286 1160 2350 Aeviqne

673 2372 687 2406 n
695 2372 710 2406 n
720 2372 744 2406 m
755 2355 783 2404 in
791 2371 814 2416 e,
834 2354 933 2405 scilicet
951 2355 1029 2405 etlam
1053 2365 1161 2404 contra-

672 2426 707 2475 ria
727 2425 882 2488 minimeque
912 2425 1031 2488 provisa,
1071 2432 1102 2474 ut
1136 2425 1160 2473 in
1185 2465 1189 2477 .

673 2493 830 2544 Heraclidis.
846 2495 939 2558 Μοῖρα
954 2491 1161 2558 rslsepo'poeest

671 2565 739 2628 apud
762 2562 952 2627 Aesclrylnm
979 2561 1118 2613 Prometlr.
1137 2579 1162 2612 v.

670 2634 730 2687 520.
761 2631 858 2697 Soplr.
887 2633 923 2684 Αἰ.
947 2631 1022 2684 1300.
1048 2630 1161 2696 μνήμων

670 2702 697 2753 τ’
715 2700 818 2769 Ἐρινὺς
840 2700 883 2750 uni
908 2699 1062 2768 salsepo'poc
1082 2701 1160 2763 Δίκη.

672 2774 710 2823 De
729 2790 761 2823 eo
780 2772 824 2835 qni
841 2771 934 2822 dicitnr
959 2770 1031 2821 Αὶών
1048 2769 1160 2835 Κρόνου

670 2847 731 2898 παῖς
755 2857 822 2906 qnae
846 2839 981 2890 adnotavit
1007 2841 1161 2903 lllnsgra-
1189 2835 1193 2847 ⁴

671 2913 752 2971 vius,
773 2911 821 2960 erit
842 2911 886 2974 qni
908 2910 932 2958 in
951 2925 1026 2958 usnm
1047 2924 1161 2958 conver-

670 2989 722 3030 tat:
743 2980 775 3028 ad
794 2979 948 3044 Euripidem
974 2977 1031 3027 110ιί1
1052 2977 1160 3039 faciunt,

671 3052 715 3114 111ιί
735 3049 775 3100 dei
797 3065 908 3113 persona
928 3048 1011 3097 irnlnit
1032 3048 1160 3111 temporis

671 3123 717 3170 rim
737 3119 814 3168 mnlta
836 3123 939 3182 praeter
952 3116 1102 3181 opinionem
1124 3117 1159 3166 ef-

670 3188 787 3239 licientis.
809 3191 893 3251 Atque
910 3185 1059 3235 lminsrnodi
1080 3186 1159 3236 deum

671 3273 747 3321 qnam
770 3261 830 3319 apte
849 3254 955 3319 Κρόνου
973 3255 1055 3303 παῖδα
1082 3255 1158 3306 dixe-

671 3329 720 3388 rit,
743 3327 840 3390 patebit
865 3327 895 3374 iis
921 3326 963 3388 qni
982 3324 1080 3374 veteris
1101 3328 1158 3389 opi-

673 3397 756 3445 nionis
776 3396 956 3454 menrinerint,
981 3409 1032 3457 qna
1050 3393 1159 3454 Κρόνος

673 3471 714 3515 est
743 3464 810 3513 idern
844 3465 888 3528 qni
919 3460 1023 3528 χρόνος.
1069 3463 1158 3523 Quam

672 3534 820 3598 opinionem
848 3540 1075 3583 nronnmentornm
1106 3533 1159 3583 tide

672 3605 861 3653 demonstrarit
900 3602 945 3653 l‘lr.
988 3603 1159 3652 llnttman-

673 3689 687 3721 n
696 3688 730 3722 ns
749 3673 775 3721 in
793 3671 978 3721 dissertatione
996 3672 1159 3734 academica,

674 3743 754 3791 iiber
798 3742 860 3790 den
903 3741 1032 3790 Kronos
1074 3741 1159 3790 oder

673 3811 841 3860 Saturnus
859 3808 1033 3876 (tall-lb.)
1052 3828 1077 3876 p.
1100 3812 1159 3865 106-

672 3880 827 3932 l’l'tutatt.

708 3951 736 4002 V.
755 3949 912 4003 tint-ttltt
950 3949 996 3997 Tn
1021 3964 1122 4010 vero,
1142 3968 1157 3998 o

671 4020 812 4082 civitas,
838 4021 955 4068 instem
982 4017 1064 4067 viam
1086 4034 1157 4081 per-

670 4090 735 4152 gis,
758 4105 860 4152 ireque
883 4102 1020 4152 rrrrqnam
1047 4102 1157 4151 ortem-

670 4174 764 4223 qnam
790 4158 943 4208 abiicere
967 4157 1065 4208 decet
1089 4160 1157 4208 cnl-

670 4237 736 4280 turn
773 4227 924 4280 deornm:
960 4229 1015 4292 qni
1044 4233 1155 4281 antem
