2588 4574
562 265 746 323 MEDEA.

145 484 227 579 άράς
243 487 426 579 τυράννοις
443 418 789 581 άνοσίουΙςΑοξρῗτῗιίνῆ.

566 620 743 672 ΜΗΔΕΙΑ.

150 690 203 759 καὶ
218 705 290 772 σοίς
307 688 413 782 άραία
429 690 463 778 γ’
482 683 570 761 ούσα
587 692 746 780 τυγχάνω
764 693 888 783 δόμοις.

579 821 726 876 ΙΑΣΩΝ.

155 889 195 973 (ὃς
209 889 248 962 ού
267 898 450 983 κρινούμαι
466 896 581 962 τῶνδέ
596 917 647 963 σοι
663 893 704 962 τά
723 902 873 964 πλείονα.

156 987 222 1062 ἄλλ’
239 1004 273 1064 εί
285 1020 319 1063 τι
335 993 452 1081 βούλει
469 996 586 1064 παισὶν
604 992 625 1083 ῆ
644 1001 768 1084 σαυτῆς
786 1002 882 1085 φυγῆ

157 1095 391 1184 ιροσοιφέλημα
408 1095 589 1187 χρημάτων
607 1099 698 1185 ἐμῶν
715 1104 844 1184 λαβεῖν,

158 1194 233 1281 λέγ’·
261 1193 306 1276 ὥς
325 1199 455 1285 ἕτοιμος
473 1196 620 1290 άφθόνςσ
638 1203 761 1266 δοῦναι
777 1199 851 1286 χερὶ

157 1296 248 1377 ξένας
264 1322 301 1364 τε
319 1300 462 1384 πέμπειν
479 1295 640 1384 σύμβολ’,
659 1305 695 1366 ολ
709 1297 880 1386 δράσουσί
894 1296 929 1368 σ’
950 1292 1000 1368 εύ.

1110 1316 1162 1369 610

209 1492 240 1543 V.
253 1494 313 1544 607.
333 1483 423 1559 βούλῃ
434 1493 460 1544 b.
485 1492 594 1559 σαυτῆς
607 1493 686 1561 φυγῆ
698 1494 756 1543 libri
768 1504 869 1558 praeter
883 1496 920 1559 0.,
935 1497 962 1545 in
975 1510 1026 1558 quo
1041 1505 1080 1546 est
1091 1511 1162 1548 σαν·

156 1557 293 1625 ιῆφυγῆς.
312 1557 437 1610 Confusio
449 1559 509 1610 inde
522 1572 581 1610 nata
594 1571 633 1610 est
645 1563 715 1624 quod
727 1564 850 1628 scriptum
863 1574 917 1613 erat
929 1561 1038 1628 σαυτῆς
1057 1562 1160 1630 φνγῆι.

208 1628 240 1679 V.
251 1629 311 1678 600.
330 1626 408 1676 habet
419 1627 617 1678 Eustathius
630 1630 656 1677 in
669 1628 741 1679 Iliad.
756 1645 782 1695 p.
795 1631 854 1681 633.

208 1695 240 1747 V.
252 1695 312 1745 610.
331 1689 361 1745 οἳ
373 1686 530 1758 δράσουσιν
543 1682 575 1746 εύ
587 1695 630 1744 Bc
648 1692 677 1747 οἳ
689 1689 826 1763 6ράσουσ’
842 1683 874 1747 εὖ
888 1696 916 1747 G.
935 1692 964 1747 οἳ
976 1686 1113 1761 δράσοντ’
1129 1684 1162 1748 εύ

150 1760 217 1822 (ιοιι.
230 1763 256 1810 in
269 1753 411 1825 δράσονσί
419 1754 447 1812 σ’
462 1748 507 1823 εὖ)
518 1763 553 1814 Β,
577 1760 668 1824 Ceteri,
683 1774 711 1813 ut
722 1765 834 1824 videtur,
848 1759 877 1814 οἳ
890 1756 1030 1831 δράσαντί
1040 1757 1068 1814 c'
1083 1749 1125 1815 τύ.

96 1992 99 2011 Ι
147 1922 229 2009 λίγει,
252 1921 322 2011 ἔμελ
336 1923 418 2010 elna?
434 1918 475 2008 Ιάν
493 1946 625 2010 poppo-

96 2016 100 2053 :
144 2012 238 2116 pepp,
250 1997 326 2048 αλλα
338 2012 390 2047 τον
406 2001 526 2057 Ιασονος
539 1999 624 2063 λογον

144 2056 177 2184 lp
214 2056 517 2131 αυτῆςμετέστρεψεν.
537 2068 626 2131 γαμεῖ

142 2147 192 2197 μυ
208 2126 264 2199 γάρ
285 2125 300 2183 ὅ
321 2123 408 2197 άνῆρ,
431 2136 567 2198 γαμεῖται
590 2128 623 2183 δὲ

140 2191 248 2266 ῆγννῆ.
273 2198 333 2248 Alio
347 2198 457 2260 quodam
469 2201 546 2249 modo
559 2200 623 2249 dici-

140 2278 178 2317 tur
193 2267 227 2318 de
243 2266 375 2346 Penelopa
393 2265 494 2317 Orest.
514 2269 565 2318 589
582 2282 622 2327 sq.

139 2325 171 2386 ού
187 2326 243 2400 γάρ
261 2325 401 2398 ἐπεγάμει
422 2326 505 2385 πόσει
526 2326 621 2394 πόσιν,

137 2398 231 2454 Μὲνει
245 2391 275 2452 δ’
289 2393 321 2452 ἐν
339 2399 430 2460 οἴκοις
442 2393 523 2467 ύγιὲς
538 2392 624 2452 εὐνα·

136 2460 262 2536 στήριον.
274 2468 319 2528 ita,
333 2478 361 2518 ut
376 2483 427 2518 nna
436 2478 537 2519 notetur
550 2467 624 2532 Cly-

136 2546 349 2597 taemnestra,
363 2550 430 2599 quac
441 2537 477 2585 ita
490 2537 623 2602 nupsisset

135 2603 279 2670 Aegistho,
303 2604 379 2666 quasi
403 2618 455 2654 non
479 2604 621 2663 duceretur,

134 2672 181 2721 sed
198 2672 261 2737 ipsa
277 2670 350 2720 illum
366 2670 471 2721 duceret
486 2673 514 2720 in
535 2671 623 2720 matri-

133 2741 253 2789 monium
265 2739 389 2788 arbitratu
400 2753 458 2790 suo.
479 2739 546 2788 Vide
558 2754 624 2800 quac

132 2807 190 2857 dixi
203 2804 350 2858 adOrest.
365 2806 381 2859 l.
392 2821 415 2855 c.
426 2821 452 2870 p.
464 2808 506 2857 97.
520 2806 621 2856 cladn.

133 2875 167 2926 ad
179 2873 299 2924 eiusdem
311 2872 366 2923 fab.
378 2889 403 2925 v.
414 2875 474 2926 558.
486 2888 512 2938 p.
525 2875 559 2922 94
572 2888 611 2934 sq.

167 2942 204 2995 V.
215 2943 276 2993 604.
296 2931 619 3005 άράς-άρωμὲνη]

132 3008 204 3059 Vide
215 3022 284 3071 qnae
294 3007 373 3057 modo
386 3008 420 3057 od
431 3023 455 3058 v.
465 3008 524 3059 584.
538 3008 623 3057 adlata

133 3074 402 3140 suntaPlluglrio.

168 3143 204 3197 V.
216 3144 278 3194 605.
297 3142 430 3191 Acerrime
447 3152 471 3191 et
489 3151 623 3191 contuma-

132 3213 172 3261 cis
191 3211 246 3260 odii
258 3209 338 3293 plena
359 3221 399 3260 est
414 3211 552 3274 responsio
570 3209 623 3257 Illo

132 3280 208 3329 deae.
233 3276 539 3342 ‘ugoverotmquia
554 3281 624 3325 ‘ue-

133 3361 197 3409 quc
220 3359 315 3410 rages
339 3358 385 3394 me
413 3345 494 3393 diris
523 3344 624 3393 devo-

133 3415 227 3463 visse
251 3410 388 3461 infitior
412 3421 441 3461 et
470 3421 543 3461 tuae
566 3412 623 3461 do-

133 3482 200 3530 mni
225 3488 350 3544 pestem
376 3488 506 3545 precata
529 3482 622 3528 sum'.

134 3560 265 3598 rrnuox.

169 3615 204 3665 V.
217 3615 278 3665 606.
298 3605 339 3673 ὡς
357 3604 396 3665 ού
413 3608 623 3680 κρινούμαι]

134 3684 155 3735 l.
176 3698 201 3736 e.
228 3679 310 3746 ἴσθι,
336 3673 374 3739 ὡς
398 3673 433 3733 οὗ
456 3677 623 3746 κρινούμαι.

133 3750 204 3799 Vidc
225 3748 411 3799 Elmsleium
436 3750 469 3798 ad
489 3749 514 3797 λι.
537 3749 554 3798 l.
587 3746 625 3795 De

135 3809 174 3867 τά
197 3814 321 3867 πλείονα
342 3817 395 3866 vid.
418 3816 450 3867 Α,
469 3815 625 3865 Matthiae

136 3900 176 3950 gr.
188 3883 233 3935 Gr.
243 3884 322 3950 ampl.
333 3884 423 3945 §.cco
434 3884 493 3933 adn.
504 3897 623 3933 arroux.

171 3950 206 4001 V.
224 3952 284 4002 607.
312 3943 625 4016 παισλνῆσαντῆς

137 4014 245 4085 φυγῇ]
259 4016 419 4080 Quamquam
432 4018 476 4066 illa
488 4019 624 4083 scriptura,

137 4086 205 4148 quae
222 4093 263 4134 est
279 4086 305 4134 in
323 4087 380 4135 cod.
401 4085 441 4145 0.,
461 4085 550 4151 σαυτῇ
569 4101 626 4150 φυ-

137 4152 192 4219 γῆς
209 4152 319 4201 mnltum
335 4151 430 4202 habere
441 4153 554 4212 videtur,
572 4166 624 4214 qno

680 1947 709 1980 se
729 1932 803 1979 nobis
826 1931 1000 1994 commendet,
1014 1940 1038 1980 et
1054 1932 1161 1980 mutatio

679 1998 808 2062 perfacilis
821 2008 888 2060 crat,
908 1997 985 2047 malui
997 2007 1081 2046 tamen
1094 2013 1162 2047 nunc

679 2081 737 2114 cum
754 2067 844 2115 ceteris
867 2065 919 2114 lere
936 2066 1109 2130 grammaticis
1122 2081 1162 2115 re-

680 2147 771 2182 vocare
792 2143 935 2182 ceterorum
953 2132 1078 2182 librorum
1099 2134 1163 2182 scri·

679 2210 780 2264 pturam
798 2200 907 2265 σαυτῆς
925 2198 1017 2265 φυγῇ,
1036 2214 1113 2262 quam
1126 2202 1163 2249 ita

678 2268 744 2316 tueri
755 2283 909 2332 possumus,
930 2277 956 2316 ut
970 2267 1086 2316 dicamus
1099 2266 1162 2316 haec

678 2335 797 2384 subsidia
815 2336 918 2384 omuino
934 2333 1020 2383 liberis
1035 2334 1112 2383 tribui
1130 2334 1161 2383 ab

679 2402 784 2462 Iasone,
802 2412 831 2450 nt
848 2402 948 2450 alantur
960 2411 1037 2463 atque
1053 2401 1164 2451 educen·
1198 2442 1201 2447 ,

679 2480 733 2528 tur,
752 2471 779 2516 in
791 2468 880 2518 Medea
892 2478 976 2517 autem
989 2467 1068 2532 fugae
1079 2470 1162 2532 potis-

679 2537 773 2585 simum
791 2535 854 2584 velle
871 2536 1019 2599 prospicere
1032 2535 1160 2587 Iasonem.

679 2603 747 2652 Vide
763 2618 829 2665 quae
846 2601 1024 2652 Schoenius
1049 2601 1125 2652 adh.
1143 2601 1161 2656 l,

679 2671 821 2734 disputavit
833 2687 859 2736 p.
871 2673 913 2721 46.

712 2739 746 2790 V.
768 2739 827 2789 609.
857 2731 899 2798 ὥς
924 2732 1066 2803 ἕτοιμος
1088 2727 1160 2802 aad]

679 2805 808 2867 Frequens
830 2816 868 2855 est
888 2807 914 2854 in
935 2806 983 2853 hoc
1004 2804 1115 2853 formula
1139 2813 1163 2852 et

679 2874 839 2936 pronominis
864 2884 888 2921 et
912 2871 981 2921 verbi
1008 2871 1162 2920 substantivi

679 2940 792 3004 ellipsis,
810 2940 886 2989 sicuti
903 2940 929 2986 in
942 2938 1039 2988 Phoen.
1051 2940 1109 2987 975.
1123 2936 1163 2985 di-

679 3008 757 3054 citur:
793 2996 882 3062 αὐτὸς
907 2995 937 3054 d’
962 3028 995 3039 -
1019 2996 1162 3069 θνήσκειν

679 3068 805 3136 ἕτοιμος,
826 3068 968 3133 πατρίδος
985 3063 1161 3134 ἐκλυτήριον.

680 3141 737 3189 vide
760 3140 819 3189 adn.
838 3148 954 3188 nostram
975 3154 1001 3203 p.
1019 3139 1076 3189 158.
1095 3146 1119 3186 et
1136 3137 1162 3185 in

679 3207 785 3257 Helen.
807 3223 831 3256 v.
851 3209 927 3260 1523.
950 3204 1025 3269 πῶςς
1050 3198 1162 3255 εἰδέναι

679 3267 832 3341 πρόθυμος
848 3265 916 3338 κτλ,
936 3273 969 3323 ad
985 3287 1062 3336 quem
1078 3272 1163 3321 locum

679 3343 737 3392 vide
754 3359 821 3405 quoe
842 3343 975 3392 adnotavit
990 3340 1162 3406 Pfluglrius

681 3426 707 3475 p.
720 3411 777 3463 182.
792 3411 832 3460 ed.
845 3425 896 3459 sec.

714 3480 748 3529 V.
770 3480 828 3529 610.
856 3467 1012 3543 σύμβολ’]
1038 3474 1164 3538 Intellegit

681 3555 825 3593 tesseras
842 3542 1039 3607 hospitales,
1057 3541 1090 3591 dc
1106 3541 1164 3600 qui·

681 3613 729 3660 bns
748 3609 950 3658 Scholiastes
970 3618 1073 3656 auctore
1091 3606 1163 3654 Hel-

681 3677 767 3727 ladio
791 3676 855 3725 haec
880 3674 988 3724 rettulit:
1016 3666 1046 3724 οἱ
1070 3665 1163 3736 ἒπιξε·

681 3736 820 3807 νούμενοί
827 3755 910 3804 τισιν,
921 3731 1102 3808 άστράγαλον
1112 3757 1165 3809 τιτι·

680 3806 882 3876 τατὲμνοντες,
902 3801 1029 3875 θάτερον
1046 3804 1099 3888 μξν
1112 3798 1165 3859 αύ-

681 3877 725 3931 τοὶ
747 3882 883 3946 κατεῖχον
907 3873 1005 3943 μέρος,
1035 3877 1112 3928 dare
1130 3892 1165 3927 ον

681 3944 713 4000 ol
727 3946 942 4011 κατελίμπανον
951 3948 1011 4005 τοῖς
1021 3893 1165 4006 ὑποδεξα-

680 4011 792 4094 μένοις,
812 4013 875 4079 ἵνα,
896 4009 923 4064 εί
936 4011 998 4064 δέοι
1010 4003 1098 4063 πάλιν
1111 4002 1165 4060 αύ-

680 4076 779 4146 codes]
798 4074 866 4140 τοὺς
883 4074 1000 4132 ἐκείνων
1017 4072 1164 4155 ἐπιξενού-

682 4152 755 4202 σθαι
768 4142 840 4214 πρὸς
853 4140 1009 4212 άλλήλους,
1023 4139 1164 4210 ἐπαγομε-
