2566 4574
480 273 690 322 PRAEFATIO.
1059 282 1097 327 IX

64 426 186 494 pturam
203 409 424 491 παλαίτεροι,
441 432 538 495 quam
552 410 653 475 habet
665 411 897 497 ScriptorChr.
910 425 977 498 pat.
992 417 1096 498 1181„

63 513 232 576 nobiscum
271 511 439 596 repudiat.
497 513 537 575 V.
569 512 628 576 125
657 536 705 598 sq.
741 514 802 578 Th.
839 516 1095 582 Bartholdus

62 616 87 677 in
112 613 207 677 Mus.
240 613 400 676 Rhenan.
430 613 494 679 vol.
525 614 620 678 XXI.
650 617 731 680 fasc.
761 615 789 679 I.
818 620 1003 703 proposuit:
1040 616 1095 683 εἰιὶ

62 738 96 797 μη
116 709 297 797 μεγάλοις
320 709 453 796 ὀχυράς
473 717 506 777 τ’
531 720 581 798 εἴη
604 715 897 801 καταγηράσκειγ.,
929 722 1015 804 quod
1037 722 1094 784 rni-

61 820 135 881 nime
159 819 320 902 probare
343 837 494 901 possum,
522 839 622 902 quum
644 818 746 883 multo
769 820 873 884 lenior
895 822 937 884 sit
958 823 1094 886 mutatio

61 916 186 1001 ὀχυρῶς
211 911 266 1000 γ’.
316 917 384 983 Vv.
402 917 464 982 152
479 941 549 1005 sqq.
573 919 617 982 H.
634 919 811 984 Weilius
834 921 856 984 l.
873 943 901 985 c.
918 945 950 1006 p.
967 922 1029 987 376
1045 946 1094 1009 sq.

60 1024 247 1087 decontra
281 1021 430 1084 omnium
455 1020 613 1084 librorum
643 1023 871 1088 auctoritatem
899 1025 1095 1089 constituen-

60 1123 105 1187 dos
127 1125 294 1209 putavit:

344 1260 393 1332 τίς
416 1259 473 1319 σοί
492 1277 572 1319 ποτε
594 1259 653 1332 τάς
676 1254 828 1322 άιιλάτου

345 1361 459 1432 κοίτας
482 1360 572 1440 ἔρος,
597 1347 624 1421 ά
646 1362 787 1441 ματαία·

345 1459 482 1523 σπεύσει
505 1459 659 1524 θανάτου
682 1461 836 1524 τελευτά·

343 1562 450 1644 μηδὲν
472 1560 550 1625 τόδε
573 1564 715 1644 Morou,

55 1752 139 1798 ratus
167 1735 372 1797 rmiversam
394 1733 508 1796 mortis
532 1734 733 1817 optationem
762 1735 903 1818 primum
926 1736 1095 1801 confutan-

55 1837 126 1900 dam
149 1836 268 1900 fuisse
292 1842 326 1897 et
347 1833 458 1897 verbis
482 1833 623 1914 demum,
647 1857 730 1919 quae
753 1845 980 1920 sequerentur:
1006 1839 1037 1900 el
1055 1838 1095 1901 δὲ

56 1935 109 2011 σὸς
131 1936 244 2011 πόσις
269 1931 372 1997 καινά
396 1933 472 2016 λέχη
496 1937 618 2017 σεβίζει
634 1933 700 1999 nri.
727 1935 867 2018 Medeae
890 1937 1094 2019 ζηλοτυπίαν

57 2057 107 2104 aut
135 2039 387 2122 aegrimoniam
409 2046 543 2121 propter
565 2059 667 2101 novas
691 2039 823 2122 nuptias
846 2041 973 2124 respici.
1019 2040 1095 2122 Qua

57 2142 85 2205 in
112 2164 153 2204 re
187 2139 276 2204 mihi
305 2138 515 2204 vehementer
543 2137 614 2202 falli
636 2138 768 2203 videtur
796 2140 847 2203 vir
874 2141 1092 2208 doctissimus.

57 2243 194 2308 Etenim
225 2241 384 2304 universa
411 2241 525 2302 mortis
555 2242 678 2324 optatio
707 2241 759 2304 hic
787 2241 877 2305 nullo
905 2245 1000 2308 modo
1024 2256 1094 2309 erat

58 2343 270 2409 confutanda
299 2351 331 2406 et
359 2363 413 2423 ea,
449 2362 533 2426 quae
562 2343 670 2427 priore
699 2342 770 2407 loco
800 2344 968 2425 dicuntur,
996 2345 1093 2410 valde

57 2447 196 2511 diversa
237 2452 314 2507 sunt
347 2444 389 2507 ab
422 2445 478 2524 iis,
516 2464 599 2528 quae
637 2443 738 2507 altero
775 2443 845 2510 loco
883 2446 1092 2511 adiiciuntur.

58 2548 177 2611 Priore
208 2548 299 2609 enim
327 2544 397 2610 loco
426 2554 516 2609 notat
546 2544 682 2609 Medeae
709 2546 963 2630 aegritudinem,
995 2571 1094 2634 quam

60 2650 229 2734 suscipiat
252 2656 439 2732 propterea,
469 2647 644 2731 quodiam
666 2669 771 2712 vacuo
800 2647 883 2714 lecto
907 2651 950 2713 sit
972 2659 1004 2714 et
1026 2674 1092 2715 ma-

59 2754 163 2815 ritum
188 2748 331 2833 amplius
353 2769 419 2812 non
435 2748 566 2829 habeat,
588 2751 767 2833 posteriore
784 2760 892 2814 autem
915 2750 986 2816 loco
1004 2752 1092 2815 dolo-

59 2875 128 2916 rem
145 2853 356 2936 deprecatur‚
380 2871 477 2936 quem
491 2851 610 2915 Medea
630 2850 755 2915 invidia
778 2861 939 2915 commota
954 2852 1094 2937 accipiat

61 2965 258 3039 propterea,
286 2952 373 3037 quod
394 2951 493 3015 Iason
515 2974 636 3016 novum
664 2953 906 3014 matrimonium
929 2953 1015 3016 colat
1039 2955 1091 3036 (ol.

10 3108 12 3113 .
62 3080 92 3118 v.
111 3056 167 3119 18.
192 3053 315 3134 γάμοις
326 3049 444 3115 Ἰάσων
464 3055 651 3135 βασιλικοῖς
667 3046 863 3136 εὐνάζεται).
896 3054 990 3117 Conf.
1007 3077 1091 3140 quae

62 3157 132 3221 dixi
159 3155 204 3220 ad
228 3153 248 3218 l.
267 3176 294 3218 c.
317 3178 349 3239 p.
365 3154 419 3219 36.
451 3153 492 3218 V.
510 3155 580 3217 161.
604 3154 660 3216 Fr.
677 3153 914 3218 Heimsoeth
937 3157 971 3219 in
994 3156 1089 3238 libro,

63 3260 118 3344 qni
134 3257 345 3322 inscribitur:
371 3256 557 3321 ‘Kritische
572 3255 708 3319 Studien
731 3279 773 3319 zu
789 3255 852 3321 don
868 3257 1093 3340 griechischen

63 3359 284 3444 Tragikern',
307 3358 373 3421 vol.
388 3358 417 3422 Ι.
439 3381 471 3444 p.
490 3357 551 3421 148
568 3381 616 3444 sq.
640 3358 739 3422 scribi
761 3356 880 3422 voluit:
906 3346 946 3421 'n
968 3357 1093 3440 μεγάλε

64 3465 132 3525 Ζεῦ
159 3458 218 3524 καὶ
240 3456 363 3522 πότνια
387 3458 495 3540 atur,
525 3469 563 3523 ut
584 3461 653 3522 iuro
675 3483 708 3522 v.
734 3460 794 3523 169
817 3483 864 3546 sq.
894 3460 958 3524 dici
980 3472 1093 3545 posset

64 3586 83 3626 a
110 3563 259 3626 nutrice:
295 3553 425 3624 Ktom’
456 3551 509 3624 οἷα
538 3560 626 3640 λέγει
659 3557 862 3642 κάκιβοάιαι
893 3562 998 3642 Θέμιν
1031 3560 1092 3624 εὐ-

64 3665 190 3727 κταίαν
208 3663 301 3743 Ζῆνά
322 3659 373 3743 θ’,
397 3656 434 3736 ὃς
455 3659 568 3746 ὅρκων
590 3660 655 3725 κτὲ.
690 3661 730 3725 Id
753 3685 812 3747 ogo
836 3663 992 3727 audacius
1015 3686 1090 3730 con·

63 3769 188 3831 iectunr
214 3786 287 3828 esse
309 3765 476 3844 existimo,
505 3764 594 3828 etin
615 3764 656 3827 iis
680 3767 865 3849 acquiesco,
895 3787 979 3851 quae
1003 3766 1092 3830 dicta

63 3879 142 3933 sunt
169 3867 208 3929 in
238 3865 442 3930 enarratione
468 3889 501 3950 p.
525 3865 577 3930 38.
623 3866 677 3929 Ad
700 3889 731 3929 v.
755 3867 816 3931 357
840 3890 888 3953 sq.
918 3868 1092 3930 Doorin·

63 3974 158 4055 gius
181 3976 416 4033 commemorat
436 3967 502 4052 legi
524 3969 559 4030 in
581 3967 703 4032 Christ.
727 3982 793 4052 pat.
809 3969 873 4031 226
896 3991 944 4054 sq.
969 3971 1035 4030 νῦν
1057 3959 1089 4028 d'

64 4074 93 4135 εἰ
115 4069 238 4152 μένειν
261 4067 329 4148 det,
352 4064 444 4149 μίμν’
470 4064 526 4151 ἐφ’
549 4062 678 4151 ἡμέραν
700 4071 797 4150 μίαν,
827 4070 872 4131 Εἰ
896 4068 943 4151 μή
964 4092 996 4130 τι
1024 4066 1090 4129 κά-

63 4178 148 4257 θῃς,
180 4159 232 4233 niv
259 4167 368 4252 φόβος
389 4168 493 4246 πολὺς
514 4182 655 4251 κράτεί,
684 4172 758 4234 hinc
786 4171 849 4234 sibi
878 4167 1087 4234 scribendum
