2566 4574
562 242 744 294 MEDEA.

238 399 303 466 καὶ
320 402 401 467 δίκα
419 399 476 466 καὶ
494 397 602 467 πάντα
620 399 722 467 πάλιν
740 400 925 488 στρέφεται.

241 497 393 588 ἀνδράσι
411 499 475 587 μὲν
493 498 600 567 δόλιαι
616 506 757 586 βουλαί,
775 506 870 569 θεῶν
888 497 922 570 δ’

242 598 357 668 οῦκέτι
374 606 484 681 πίστις
501 598 619 689 ἄραρε·

1113 523 1163 574 415

241 700 310 769 τάν
328 698 363 768 δ’
386 699 469 789 έμδιν
488 699 642 770 εῦιιλειαν
660 708 748 789 ἔχειν
766 700 882 788 βιοτὰν

243 803 431 891 στρέφουσι
448 807 570 889 φᾶμαι·

243 909 377 990 ἔρχεται
393 901 471 991 τιμαὶ
487 909 668 994 γυναικείῳ
686 907 792 990 γένει·

241 1001 360 1072 οῦκέτι
378 1005 583 1084 δυσκέλαδος
602 1003 697 1092 φάμα
713 1020 878 1092 γυναῖκας
897 1009 970 1088 έξει.

1112 1026 1163 1076 420

538 1124 714 1199 ῦντιστροφή
735 1125 770 1183 α’.

241 1209 370 1292 μοῦσαι
387 1205 426 1273 δὲ
443 1206 673 1291 παλαιγενέων
691 1205 829 1293 λήξουσ’
850 1205 971 1277 ἆοιδῦν

241 1305 307 1373 τάν
327 1305 411 1394 έμοὶν
427 1304 598 1395 ὑμνεῦσαι
615 1302 855 1376 ῦπιστοσῦναν.

84 1454 88 1499 i
141 1455 182 1507 68.
200 1454 287 1502 laeob.
301 1453 425 1502 Firmus
438 1452 520 1518 Epist.
534 1456 558 1507 5.
575 1455 602 1503 in
618 1454 773 1504 Muratori
789 1456 888 1510 Aneod,
902 1471 928 1521 p.
943 1457 1002 1507 285.
1020 1407 1116 1522 πῦιγαί
1130 1457 1160 1508 Β.

141 1519 233 1586 πηγαί
241 1520 303 1570 BC.

206 1588 240 1640 V.
252 1589 314 1637 414.
335 1584 386 1637 καὶ
397 1579 486 1638 πάλιν
498 1579 593 1639 πάντα
606 1587 665 1638 Bo.

206 1655 239 1708 V.
262 1656 323 1708 418.
353 1651 507 1719 στρέφουσι
527 1654 566 1704 vel
588 1650 725 1718 στέψουσι
746 1657 775 1710 P.
796 1657 980 1708 Elmsleius.
1006 1655 1160 1724 στρέφουσι

140 1723 203 1773 libri.
222 1720 322 1787 φῆμαι
335 1738 357 1770 e.

204 1790 237 1840 V.
250 1791 312 1839 421.
332 1781 468 1854 λήξουσιν
480 1788 545 1839 libri.
569 1787 686 1839 Correxit
697 1791 864 1845 Heathius.
884 1783 993 1843 ἀοιδῶν
1006 1791 1034 1846 C.
1053 1784 1160 1844 οῗοιδᾶν

139 1859 214 1907 ceteri
226 1872 288 1906 curn
301 1855 406 1906 Sohol.

204 1925 237 1976 V.
250 1925 312 1974 422.
341 1915 503 1989 ῦμνέουσαι
520 1923 593 1974 Boo.
617 1914 738 1989 ῦμνεῦσ’
758 1925 784 1974 0.
806 1915 949 1990 ὑμνεῦσαι
966 1925 1022 1977 dB.
1045 1926 1160 1976 Eusta-

139 1992 223 2042 thius
237 1993 266 2040 in
280 1991 308 2043 Il.
322 1991 375 2040 voi.
388 1993 408 2044 1.
421 2007 448 2056 p.
462 1994 520 2051 634,
534 1994 574 2044 13.
599 1993 665 2042 Vide
677 1991 744 2041 inira
755 1993 842 2045 adnot.
857 2005 957 2058 exeget.

136 2111 206 2160 sonis
236 2107 378 2174 perfidiam
411 2122 498 2174 sperat
531 2110 624 2159 chorus

134 2177 201 2237 fore,
216 2188 246 2226 ut
259 2178 313 2226 iam
326 2190 394 2239 nou,
408 2188 436 2226 ut
449 2176 520 2235 olim,
534 2177 625 2226 mulie-

134 2261 195 2362 frsssa'e
208 2245 328 2361 spptgpr
341 2243 626 2361 ῦλλιῦιῦλῦέῦῐιιῦῖ

134 2381 309 2430 miserrimam
330 2379 419 2438 deflet,
442 2380 540 2445 quippe
560 2327 626 2441 quie

132 2449 231 2513 patria,
257 2447 330 2507 viro,
361 2447 491 2496 domicilio
515 2448 623 2511 privata,

132 2516 202 2565 nuiio
215 2514 308 2564 relicto
326 2513 446 2579 perfugio
463 2513 579 2578 pellatur.
593 2541 625 2550 —

125 2573 207 2635 ’Λνω
243 2579 426 2646 ποταμῶν·
468 2580 624 2661 Παρριμλα;

133 2640 624 2783 ratoperierminiis.

131 2783 184 2838 ααλ
208 2778 353 2850 Αἰσχύλος
377 2781 428 2834 καὶ
452 2774 624 2865 Εῦριττίδηρ.

131 2852 177 2903 Sio
199 2851 298 2932 Suppi.
324 2853 384 2902 520.
415 2841 476 2901 α”νω
506 2841 560 2916 γὰρ
588 2867 625 2902 αν

137 2914 196 2985 ρ’έοι
222 2921 270 2997 Ίζα
291 2909 449 3036 πράγμφδ’
471 2909 575 2977 οῦτως,
598 2914 625 2968 εἰ

132 2979 352 3051 ’πιταξομεσδα
385 3002 412 3049 η.
439 2983 623 3035 (Muciae.

135 3056 196 3106 dial.
208 3064 289 3106 mort.
302 3055 348 3106 VI.
361 3055 387 3103 2.
405 3053 438 3102 de
455 3067 531 3107 merc,
548 3053 623 3106 cond.

136 3125 161 3184 ξ.
172 3126 195 3173 1.
207 3122 291 3188 Diog.
301 3119 438 3172 LaertVI.
448 3121 489 3171 36.
501 3135 623 3170 ernoex.

138 3191 210 3241 node
234 3187 398 3240 Demosth.
423 3189 456 3237 de
483 3187 549 3236 falsa
572 3187 623 3252 leg.

136 3257 163 3338 ᾗ.
175 3259 237 3308 287.
256 3256 340 3305 Bekk.
356 3270 383 3320 p.
395 3256 459 3314 433,
478 3257 520 3307 24.
536 3255 623 3304 Reisk.

136 3318 211 3377 αλλὰ
225 3321 304 3389 δῆτα
321 3312 383 3374 ἅνω
399 3320 536 3387 ποταμῶν
553 3314 628 3373 sasl-

135 3410 172 3459 νῃ
188 3390 223 3458 τῇ
236 3383 334 3471 ἡμέρᾳ
346 3381 457 3449 πάντες
474 3416 507 3424 -
525 3381 627 3455 ἕρέῦη·
707 3409 712 3427 '

138 3473 192 3510 σαν
225 3459 317 3523 λσγοι.
364 3457 402 3506 De
430 3457 529 3506 Latinis
559 3456 626 3507 conf.

138 3526 225 3576 ovid.
240 3527 317 3590 epist.
326 3526 360 3575 V.
371 3527 404 3576 29
415 3540 454 3586 sq.
472 3524 510 3572 De
522 3523 627 3574 adieeti-

137 3609 170 3643 το
195 3587 282 3659 ἴερῦν
304 3592 364 3641 vide
388 3607 454 3654 quae
477 3592 545 3641 diota
567 3602 627 3641 sunt

138 3676 219 3725 supra
231 3661 265 3709 ad
277 3675 304 3710 v.
318 3662 360 3711 69.

170 3728 203 3781 V.
231 3729 293 3779 418.
330 3721 526 3790 στρέφουσι
557 3724 624 3789 φολ-

136 3794 214 3860 μαι]
238 3795 317 3845 Reete
339 3794 403 3842 vidit
425 3793 453 3843 G.
472 3794 626 3842 Herman-

138 3879 194 3914 nus
208 3863 244 3912 ad
253 3862 321 3912 hane
333 3862 485 3910 senteutiam
497 3862 571 3910 unice
579 3875 626 3908 ve·

137 3946 193 3989 rum
206 3945 267 3980 esse
278 3929 386 3978 verbum
399 3923 541 3992 στρέφειν,
554 3928 624 3988 quod

139 3998 277 4049 Elmsleius
307 4011 366 4044 cum
397 3996 473 4044 verbo
507 3991 624 4058 στέφειν

139 4068 173 4114 ita
184 4064 342 4116 commutari
354 4062 476 4121 voluerat,
491 4073 517 4110 ut
529 4063 624 4111 seribe-

138 4144 205 4181 retur
246 4125 413 4193 στέψουσιν.
462 4128 622 4179 constructio

186 4210 267 4264 Eurip.
282 4210 334 4252 Vol.
349 4209 365 4252 1.
385 4208 439 4251 Soet.
454 4209 469 4252 I.

676 2123 761 2160 autem
773 2125 826 2160 nou
838 2113 873 2160 ita
885 2111 1105 2177 explicandam,
1124 2123 1160 2175 ut,

676 2179 747 2240 qnod
769 2181 802 2228 A.
824 2178 977 2229 Matthiae
1001 2192 1025 2229 et
1048 2179 1161 2245 Pflng-

676 2246 749 2294 kius
763 2245 823 2294 olim
836 2256 991 2311 statuerant,
1005 2241 1162 2313 στρέφουσι

675 2314 837 2362 intransitive
853 2313 992 2377 diceretur,
1010 2315 1057 2364 sed
1073 2315 1100 2365 id
1112 2329 1161 2380 po-

676 2381 726 2430 tius
745 2381 902 2442 diciturne,
921 2394 950 2430 ut
966 2381 1018 2431 fere
1036 2383 1070 2432 sit
1091 2383 1162 2432 idem

677 2447 757 2508 qnod:
788 2447 880 2496 Fama
904 2449 1056 2499 vertendo
1082 2449 1160 2498 eiii-

678 2516 733 2573 oit,
758 2528 789 2563 ut
812 2526 923 2564 nostra
946 2517 1012 2564 vita
1035 2515 1160 2566 laudem

677 2583 831 2633 inveniat.
863 2581 936 2640 Quod
953 2593 1038 2632 autem
1054 2585 1081 2632 iu
1093 2587 1160 2634 anti·

676 2649 785 2713 stropha
796 2650 822 2698 in
835 2649 878 2698 ilia
894 2651 955 2700 sede
971 2651 1050 2716 longa
1061 2652 1162 2733 spilaba

677 2729 724 2776 est,
736 2716 924 2780 Elmsleius,
938 2720 960 2768 si
974 2735 1025 2768 non
1038 2728 1160 2783 στέφου·

677 2797 705 2834 σι
730 2786 900 2850 acciperetur,
921 2782 1075 2849 στρέφουσι
1096 2788 1160 2834 sori-

676 2851 788 2901 beudum
800 2864 981 2916 proposuerat,
995 2867 1070 2913 quem
1083 2852 1161 2916 pleri·

675 2935 725 2980 que
746 2920 906 2982 grammatici
927 2930 1027 2982 praeter
1048 2919 1158 2966 Kiroh-

675 2984 814 3033 hoifium
846 2996 872 3032 et
905 2999 946 3032 me
981 2986 1061 3032 secuti
1091 2995 1159 3033 sunt.

675 3050 848 3114 Pfiuglrius
864 3051 901 3099 sio
915 3049 985 3099 istud
1003 3051 1158 3099 incommodi

675 3117 731 3167 tolli
743 3117 839 3180 voluit,
852 3117 957 3167 uthans
970 3126 994 3166 et
1005 3117 1159 3182 praeceden-

675 3198 727 3236 tem
739 3201 841 3235 versum
853 3187 880 3234 in
892 3200 971 3234 unum
984 3186 1159 3250 coniungeret,

676 3268 727 3316 quo
756 3253 839 3303 forma
868 3269 958 3304 versus
990 3251 1158 3319 perfrequens

679 3321 832 3372 efficeretur:

699 3430 718 3439 ..
1049 3413 1141 3440 υ-υι

712 3457 744 3506 V.
769 3458 827 3509 421.
858 3452 1103 3520 παλαιγενέων
1127 3479 1158 3490 -

678 3515 825 3590 οἷοιδᾶν]
865 3523 1023 3587 Respexisse
1061 3522 1160 3570 videtur

677 3591 802 3640 Homeri
826 3589 919 3666 Odpss.
944 3588 989 3638 XI.
1010 3587 1070 3638 456.
1097 3578 1161 3638 έπελ

678 3648 777 3708 οῦαέτι
794 3669 881 3705 πιστα
900 3651 1043 3721 γυναιξίν.
1061 3662 1085 3702 et
1102 3653 1160 3703 He-

677 3723 758 3775 siod.
771 3717 829 3787 έργ.
841 3738 867 3771 ιι.
881 3714 929 3788 rip.
944 3724 1002 3772 373.
1019 3710 1051 3781 ὃς
1064 3714 1097 3800 δέ
1110 3739 1160 3803 ρυ-

676 3787 757 3841 ναιιιὶ
780 3786 921 3853 πέποιθε,
952 3784 1064 3840 πέποιθ
1110 3804 1159 3853 ογε

676 3849 850 3924 φηλήτῃσιν.
870 3897 873 3901 .
896 3856 1014 3907 Ceterum
1051 3856 1160 3905 slmilem

676 3941 750 3990 spem
778 3925 872 3975 chorus
903 3924 973 3974 fovet
996 3927 1023 3973 in
1052 3925 1113 3972 lone
1135 3937 1162 3971 v.

678 3995 742 4043 1109
755 4009 813 4055 sqq.
838 4007 962 4043 ernourr.

709 4062 742 4112 V.
755 4063 814 4114 422.
839 4052 1030 4124 ὑμνεῦσαι]
1049 4055 1086 4104 De
1104 4054 1161 4102 sor·

675 4143 717 4177 ma
734 4129 833 4189 Ionica,
854 4143 930 4190 quam
946 4135 1047 4190 praeter
1064 4119 1159 4169 multos

937 4205 958 4268 5
