2588 4574
137 257 216 326 42Ι
504 260 787 312 uuurrrnrs

592 413 619 461 H
653 412 731 462 EIA.

138 490 319 573 Κορίνθιαι
335 499 510 571 γυναῖκες,
526 413 668 571 &liidie
685 483 810 572 δόμων,

138 584 185 673 μή
201 592 262 672 μοί
275 610 306 653 τι
323 583 513 674 μέμφηοθ’·
540 583 616 653 οἶδα
633 584 698 675 γάρ
717 584 863 665 πολλοὺς
881 589 1013 674 βροτῶν

139 685 283 774 σεμνοάς
300 692 468 774 percitae,
486 685 565 766 τούς
583 685 645 774 μὲν
663 685 820 775 ὀμμάτων
838 684 916 772 άπο,

1097 502 1149 554 215

206 883 239 933 V.
251 884 308 934 215.
327 883 407 931 Habet
419 883 578 935 Plutarch.
591 883 680 937 Timol.
693 886 734 934 32.

206 950 302 1001 vett.
314 941 471 1015 μέμφοιοθ’
482 950 502 1000 Β
512 942 663 1016 ‘stuppeo’
675 950 777 1001 CEecd
787 940 941 1016 μέμψομαί
948 951 982 1004 B.
994 940 1144 1017 μέμνησθ’

140 1017 168 1067 (ί.
192 1017 310 1066 Laudant
321 1017 451 1067 Photius
464 1034 491 1083 p.
504 1021 562 1071 437.
583 1017 699 1069 Suides
713 1020 743 1067 li.
756 1021 780 1068 2.
795 1035 820 1083 p.
833 1021 892 1071 712.

205 1086 237 1133 V.
251 1087 309 1135 217.
327 1079 460 1150 ὀμμάτων
473 1077 498 1136 τ’
514 1087 539 1145 (e
551 1100 615 1138 corr.
628 1087 741 1136 eiusdem
753 1085 834 1147 man.)
848 1086 875 1135 Β.
889 1077 1022 1152 ὀμμάτων
1035 1079 1062 1136 τ’
1076 1085 1105 1135 Ε.

172 1253 204 1307 V.
217 1255 275 1306 215.
290 1252 482 1318 Κορίνθιαι
499 1258 618 1320 μνναῑ·
667 1254 719 1305 alia
736 1256 821 1303 omniu
837 1255 960 1304 abierunt.
990 1253 1027 1303 De
1043 1255 1150 1304 hislam

137 1335 195 1378 τιες
218 1310 289 1387 ντί]
317 1321 399 1370 Vertit
422 1321 485 1370 haec
514 1323 616 1372 liberius
668 1322 771 1387 singula
788 1323 929 1374 videamus.

138 1387 274 1447 Ennius,
293 1397 321 1438 ut
337 1388 526 1439 eGiceronis
542 1391 616 1453 epist.
701 1391 734 1440 V.
748 1391 804 1439 217.
823 1386 1147 1456 σεμνονςνενῶτας]

137 1455 193 1507 VII,
206 1457 231 1512 6,
250 1459 272 1508 1,
286 1454 370 1521 colligi
383 1467 478 1520 potest,
497 1458 539 1505 ubi
555 1456 617 1505 hoec
667 1458 693 1506 id
716 1467 766 1515 est,
788 1459 899 1506 tristes
922 1468 1018 1519 etque
1037 1467 1148 1506 euste-

137 1522 268 1587 leguntur:
293 1524 353 1574 Hoc
369 1525 414 1573 tibi
432 1532 481 1574 tam
501 1526 614 1588 ipnosce·
666 1524 1151 1588 rosesseliabitos,quadesigni-
1204 1528 1209 1537 '

137 1605 190 1640 νιιιε
206 1606 252 1640 nos
268 1593 351 1653 amici,
367 1608 439 1656 quum
467 1595 616 1656 tpnoverunt
666 1591 785 1642 ficatioue
807 1593 856 1640 iem
880 1593 945 1640 dixit
961 1591 1097 1641 Photius
1120 1607 1148 1656 p.

138 1657 255 1715 Medeae,
270 1674 349 1722 quae
367 1659 545 1710 Corinthum
562 1676 615 1708 ar·
667 1659 961 1723 506‚15.(p.437.od.
981 1659 1065 1724 Lips.)
1085 1658 1150 1709 Σε-

138 1726 482 1784 oemaltamtuhebont,
501 1733 614 1778 matro—
666 1719 752 1792 μνόν
772 1754 805 1762 -
826 1718 892 1777 ἔσθ’
910 1717 957 1776 ὅτε
976 1721 1008 1776 δὲ
1029 1722 1079 1776 ναί
1101 1718 1150 1777 ἐπὶ

137 1808 195 1843 nae
219 1793 400 1857 opulentae,
428 1801 615 1859 optumates,
666 1793 718 1844 τοῦ
746 1786 976 1860 ὑπερηφάνου
1003 1789 1150 1858 τιθέασιν,

137 1859 225 1925 quibes
239 1862 286 1910 ι’ίία
301 1861 413 1912 monibus
431 1863 617 1927 gypsatissimis
667 1853 827 1928 Εόριτιίὸης
851 1860 983 1927 Μηδείᾳ·
1014 1855 1095 1911 οῖδα
1115 1885 1151 1896 -

134 1931 277 1991 persuasit,
302 1945 337 1978 ιιι
360 1929 422 1978 sibi
444 1931 615 1980 citioillae
667 1929 827 1996 γενῶτας,
867 1927 917 1979 καί
941 1920 1149 1995 ἐνἹτιιιοίάτφ

136 2003 309 2051 uerterent,
340 1998 422 2060 quod
444 1997 571 2046 obesset
599 2015 615 2046 u
668 1988 1150 2060 (93)εΜισεῖντόσεμνὸνααί

133 2066 253 2125 patria.
277 2063 342 2111 Νανι
353 2065 440 2112 metiti
456 2080 537 2113 suam
553 2080 616 2112 rem
667 2055 1035 2128 τὸμὴνιάσινφίλον.ο1.
1050 2063 1151 2113 Suide

137 2129 212 2178 bene
238 2144 369 2194 pestere
401 2139 430 2178 et
463 2131 616 2192 publicum
667 2132 697 2180 ΙΙ.
720 2134 744 2182 2.
762 2146 788 2195 p.
803 2133 869 2190 712,
892 2132 936 2192 qui
953 2131 1047 2179 similia
1064 2131 1148 2184 habet,

132 2197 246 2259 putria
262 2199 389 2260 procul:
407 2199 494 2247 multi
510 2199 614 2256 etium,
668 2198 763 2248 Eodem
775 2198 916 2248 leremodo
929 2197 1101 2251 etiumSchol,
1115 2199 1149 2248 ed

138 2266 190 2327 qui
212 2265 293 2314 donzi
314 2272 449 2314 aetatem
472 2274 615 2328 reperent,
668 2265 877 2330 h.l.explicant.

135 2336 313 2394 propterea
340 2338 412 2381 sunt
439 2333 615 2396 improbati.

136 2413 239 2460 unaque
250 2398 312 2447 illud
324 2410 390 2448 recte
401 2398 460 2448 hinc
472 2400 558 2464 colligi
569 2415 618 2465 po-

135 2473 193 2526 test,
204 2465 315 2521 Ennium
323 2467 355 2515 ad
365 2468 473 2532 petriam
483 2467 618 2527 rettulisse,

137 2534 207 2594 quod
221 2533 356 2599 Euripides
373 2535 405 2583 de
421 2536 527 2584 aedibus
544 2536 617 2585 dixe·

137 2610 190 2664 ret,
203 2601 296 2662 quade
314 2618 340 2650 re
351 2602 409 2652 vide
425 2603 538 2652 Mureti
553 2604 616 2654 Var.

136 2667 192 2716 lect.
210 2668 332 2720 VlIl.1'i.
358 2668 387 2718 Ο.
405 2670 543 2719 Ribbeck
556 2671 618 2719 Tra-

136 2734 217 2799 gicor.
229 2735 285 2784 Lat.
299 2736 387 2797 reliqu.
400 2752 426 2801 p.
439 2739 497 2788 249.

171 2802 323 2865 V.215sqq.
331 2803 420 2853 Medea
429 2805 490 2854 dicit
502 2820 529 2854 se
539 2805 618 2868 prod-

136 2869 189 2918 isse
201 2885 234 2918 ex
250 2871 369 2933 aedibus,
388 2887 419 2920 ne
437 2874 463 2920 in
480 2873 616 2937 reprehen-

136 2938 235 2986 sionem
248 2940 394 3002 incurreret,
407 2940 468 3002 quie
481 2941 617 3005 cognovis-

136 3015 175 3055 set
191 3004 265 3054 tacite
279 3002 397 3056 homines
414 3008 536 3056 iuvidiam
552 3008 616 3056 rnul-

135 3073 252 3122 titudinis
265 3075 358 3124 subire.
387 3075 459 3124 Alios
472 3077 549 3139 enim,
562 3076 617 3124 sive

135 3141 224 3205 procul
243 3141 275 3188 ab
293 3142 373 3190 oculis
395 3141 526 3190 hominum
548 3152 616 3191 aete-

136 3218 185 3256 tem
208 3208 321 3271 egissent
341 3210 396 3256 sive
412 3223 469 3256 sese
485 3209 617 3256 dedissent

135 3274 233 3338 populo
245 3289 274 3321 ao
284 3274 440 3323 multitudini
458 3289 616 3338 coguoscen-

136 3341 194 3402 dos,
206 3356 309 3389 severos
319 3342 434 3399 nimium,
446 3343 461 3393 i.
469 3341 616 3389 efestidio-

703 2333 735 2381 V.
749 2336 797 2384 217
810 2349 850 2395 sq.
874 2325 953 2391 τούς
971 2323 1150 2397 μὲνόμμά-

668 2418 734 2452 των
757 2391 837 2465 άντο,
867 2392 945 2458 rotie
970 2391 1001 2449 δ’
1031 2392 1151 2450 ἐνθο-

668 2467 793 2533 ραίοις]
827 2468 864 2517 De
892 2468 931 2516 his
970 2470 1152 2533 rectegsensit

669 2535 882 2597 scholiastes,
902 2537 946 2597 qui
958 2536 1031 2584 dicit:
1048 2531 1151 2586 πολλοὶ

668 2595 722 2669 γάρ
739 2595 902 2668 ἀνθρώπων
918 2594 968 2652 διά
985 2597 1016 2653 τὸ
1034 2601 1151 2669 κεχωρί-

668 2672 740 2722 σθαι
756 2668 808 2721 καί
820 2688 839 2736 μ
850 2664 855 2682 “
869 2665 980 2736 ὁμιλεῖν
993 2666 1069 2720 τισὶν
1081 2663 1151 2720 oile-

668 2730 746 2800 ζόνες
767 2735 816 2789 καὶ
840 2731 1023 2803 νπερήφανοι
1045 2732 1151 2799 ἔδοξαν

668 2799 758 2856 εἶναι·
783 2801 813 2856 οἱ
828 2800 861 2856 δὲ
883 2798 914 2856 ἐκ
934 2805 990 2856 τῶν
1011 2797 1151 2856 ἐναντίων

667 2871 790 2955 συνεχῶς
812 2866 984 2938 φαινόμενοι
1012 2868 1062 2923 καί
1089 2865 1151 2923 ἔντι-

666 2940 836 3001 τιολαζοντες
862 2932 979 3006 ὀχληροί
1005 2937 1056 2991 καί
1081 2931 1149 2990 ἔνια·

667 3009 750 3075 pileis
768 3003 872 3072 ἔδοξαν
891 3002 975 3060 εἶναι.
1012 3008 1049 3056 Ita
1070 3009 1150 3072 igitur

667 3070 697 3126 οί
704 3067 756 3127 ἄνι’
767 3068 901 3142 ὀμμάτων
913 3084 1078 3141 opponuntur
1088 3078 1151 3134 τοῖς

667 3136 698 3194 ἕν
715 3143 863 3208 θνραίοις,
887 3152 913 3191 ut
929 3144 1001 3191 elteri
1017 3144 1081 3198 sint,
1106 3143 1152 3204 qni

666 3211 756 3273 procul
787 3211 818 3258 eb
848 3210 980 3257 hominum
1010 3220 1153 3272 conspectu

667 3291 728 3324 sues
741 3291 781 3324 res
794 3285 885 3339 agant,
904 3275 974 3324 alteri
990 3284 1087 3338 nutem,
1105 3278 1151 3338 qui

669 3343 739 3390 iores
764 3352 878 3406 spectent
899 3353 976 3404 etque
992 3343 1149 3393 multitudini

136 3422 181 3457 sos
195 3418 272 3470 atque
283 3418 415 3471 austeros,
432 3408 533 3457 habitos
547 3423 617 3456 esse:
668 3425 696 3457 se
708 3411 878 3469 committent,
897 3412 933 3459 uti
951 3401 1016 3460 κατ’
1032 3404 1112 3462 οἷκον
1126 3421 1151 3461 et

136 3474 201 3524 alios
214 3489 281 3531 vero,
295 3476 339 3535 qui
351 3476 401 3538 ipsi
415 3489 517 3536 quoque
531 3490 617 3540 repre·
667 3476 792 3542 θυραῖος
808 3480 872 3527 inter
889 3494 918 3526 se
936 3488 1102 3543 opponuntur
1123 3481 1150 3528 in

136 3542 268 3591 hensionis
296 3556 372 3591 ausus
401 3557 454 3591 uon
486 3543 618 3593 dedissent
668 3542 944 3609 SophoclisTrach.
958 3548 1015 3597 541.
1029 3557 1053 3595 et
1066 3541 1151 3596 ἔναν-

137 3619 161 3659 et
173 3609 236 3658 nihil
249 3610 298 3658 uisi
310 3611 394 3671 quiete
406 3611 528 3675 egissent,
541 3612 616 3676 igno·
667 3612 714 3670 λος
739 3622 816 3674 atque
839 3613 962 3677 θυραῖος
990 3617 1017 3663 in
1040 3613 1148 3663 Philoct.

136 3678 240 3726 minium
252 3678 381 3728 invenisse
397 3693 426 3726 nc
442 3678 551 3729 levitatis
566 3680 615 3728 cri·
667 3680 1149 3745 150.videFr.EllendtLexic.·Soph.

135 3759 201 3794 meu.
238 3743 292 3794 Non
314 3748 381 3794 enim
397 3746 509 3795 iudicare
532 3761 614 3811 popu·
665 3748 713 3797 vol.
733 3748 750 3799 l.
769 3763 795 3812 p.
808 3749 878 3807 820„
903 3758 927 3798 et
945 3741 979 3798 τά
998 3744 1083 3800 ἔνδον
1101 3763 1150 3814 op-

136 3811 201 3870 lum,
229 3813 274 3861 sed
294 3813 352 3863 odio
378 3814 449 3872 duci,
479 3824 615 3875 autequam
666 3824 796 3879 ponuntur
808 3818 868 3873 τοῖς
887 3810 997 3881 θύραζε
1015 3817 1149 3866 inEuri-

136 3881 615 3943 cognitosenimoshominumheberet.
666 3883 751 3947 pidis
771 3881 852 3932 Orest.
868 3884 925 3933 604.
951 3885 1035 3946 Atque
1051 3885 1083 3933 de
1100 3885 1150 3933 hec

135 3946 206 3995 Hunc
218 3950 368 3999 sententiam
384 3950 410 3997 in
427 3947 467 3997 his
480 3949 563 3998 verbis
577 3950 618 3997 in·
666 3949 768 4012 quidem
785 3952 881 4000 ratione
893 3952 937 3999 vix
954 3952 1042 4000 credas
1060 3966 1149 4013 quem-

136 4029 193 4063 esse
208 4026 274 4064 recte
290 4017 341 4064 iarn
359 4015 563 4065 scholiastae
579 4017 616 4065 vi·
666 4017 955 4082 quamdubitereposse.
968 4019 1149 4068 Temenaliem

135 4081 233 4139 derunt,
246 4097 399 4145 quamquam
419 4085 568 4148 interpretes
591 4086 616 4132 in
666 4085 801 4134 ineundam
830 4088 930 4150 putavit
952 4087 1075 4136 rationem
1101 4087 1149 4136 ho-

135 4150 245 4214 singulis
268 4151 351 4200 verbis
373 4152 569 4216 interpretandis
591 4153 616 4200 in
666 4167 721 4201 rum
742 4153 877 4202 verborum
903 4155 1149 4218 interpretnudorum
