2588 4574
229 233 271 296 22
598 234 876 287 EURIPIDIS

233 398 304 471 πῶς
322 399 386 461 ouri
404 392 490 480 μόνη
509 391 643 480 Μήδεια
662 398 838 460 λείπεσθαι
857 391 959 473 θέλει;

643 521 826 574 ΤΡΟΦΟΣ.

227 595 354 662 τέκνων
372 592 478 663 ὀπαδὲ
495 595 625 685 πρέσβυ
642 599 712 662 τῶν
731 592 889 680 Ἰάσονος,

227 711 398 784 χρηστοῖσι
416 695 547 777 δοόλοις
566 694 722 784 ξυμφορὰ
740 694 781 763 τὰ
800 699 972 763 δεσποτῶν

226 801 338 877 κακῶς
358 804 518 866 πίτνοντα
536 799 593 865 καὶ
609 802 748 885 φρενῶν
766 794 979 865 ἀνθῶπτεται.

227 896 292 984 lyd
311 897 377 988 γαρ
396 906 443 980 είς
460 896 553 968 τοῦτ’
576 896 729 986 ἐκβίβηκ’
749 895 947 984 ἀλγηδόνος,

292 1113 324 1163 V.
341 1115 382 1163 64.
402 1114 444 1163 66.
470 1112 546 1161 habet
567 1111 726 1162 Stobaeus
750 1112 825 1162 lloril.
844 1111 946 1161 LXVII.
964 1113 1005 1162 37.
1024 1111 1074 1160 vol.
1092 1111 1123 1162 II.
1141 1125 1168 1176 p.
1185 1112 1244 1162 366.

224 1179 349 1229 Meinelre.
369 1180 524 1229 Aelianus
537 1179 597 1233 hist.
611 1196 652 1233 an.
666 1181 722 1230 Vll.
737 1182 778 1231 28.
791 1180 841 1230 vol.
854 1181 872 1232 l.
886 1196 911 1244 p.
926 1180 982 1229 189.
998 1179 1036 1228 ed.
1050 1177 1168 1229 Heroher.
1181 1177 1245 1227 Eu-

224 1248 364 1297 mathius
377 1248 432 1296 Vll.
446 1263 472 1312 p.
487 1249 545 1299 314.
558 1262 583 1297 v.
597 1249 638 1301 55.
658 1242 800 1299 πιτνόντα
816 1247 877 1297 BB.
895 1246 1040 1299 πιτνῶντα
1059 1243 1127 1296 cna
1143 1245 1244 1295 Aeliani

225 1315 283 1364 libri
294 1314 433 1367 πίτνοντα
445 1315 480 1364 od
491 1314 633 1367 πίπτοντα
647 1314 781 1366 Stobaei
794 1316 859 1364 libri.

223 1499 292 1548 huno
304 1499 434 1563 Euripidis
446 1500 529 1549 lucum
539 1500 651 1550 Alexis
664 1515 708 1549 oo-

224 1567 649 1646 micusapudAthenaeumlib.
663 1569 708 1625 XI.

223 1649 249 1752 p.
267 1636 327 1684 483
344 1634 373 1684 E.
404 1628 479 1685 Ελτα
502 1627 708 1713 τετρακότυλον

238 1693 354 1780 πεσόβει
384 1694 509 1753 κῶθωνολ
537 1719 600 1767 μοι,
637 1704 709 1755 Πα-

224 1760 327 1819 λαιόν
357 1767 461 1821 σίτων
490 1769 610 1837 κτῆμα.
641 1771 709 1821 conl.

223 1835 396 1885 Porsonnm
409 1837 479 1889 adh
494 1839 510 1890 l.
524 1840 556 1888 A.
568 1839 710 1888 Meinelre

222 1904 289 1969 Frag
273 1919 324 1957 um
338 1909 493 1954 comicorum
506 1906 593 1959 Graec
603 1907 653 1957 vol.
666 1907 708 1955 Ill

258 2039 290 2088 V.
307 2039 348 2087 62
379 2037 587 2102 λείπεσθαι]
620 2041 718 2090 Attulit

222 2103 396 2182 Pllngkius
421 2106 514 2154 Aloest
539 2109 598 2156 407.
633 2103 710 2166 Νὲος

224 2164 296 2250 ἐγώ,
323 2163 427 2249 πάτερ,
458 2172 591 2252 λείπομαι
622 2172 710 2239 φίλας

223 2230 394 2303 μονόστολός
408 2255 438 2290 τε
450 2234 572 2319 ματρός
582 2240 710 2290 Homeri

223 2306 439 2358 11.V1111.437.
466 2298 572 2366 Πῶς“
554 2323 592 2358 αν
617 2301 709 2360 ἔπειτ’

223 2363 280 2423 ἀπὸ
292 2377 362 2436 σεῖο,
365 2374 462 2492 Z(plion
475 2371 567 2438 τέκος,
581 2361 655 2426 αὖθι
669 2378 710 2427 λι-

222 2411 378 2507 ποίμηνόῖ
376 2457 423 2500 ος,·
428 2441 525 2500 Quibus
532 2444 591 2493 addi
600 2456 710 2508 possunt

223 2524 289 2571 quae
301 2509 367 2558 idem
382 2510 497 2562 adhibuit
509 2512 541 2559 ad
554 2511 678 2564 Alcesti
685 2528 707 2561 e.

222 2579 302 2641 p.73.
315 2577 354 2626 ed.
374 2592 425 2627 seu.
446 2577 520 2635 Quod
531 2588 576 2626 au
567 2579 709 2629 ernLen

221 2645 347 2708 tingius
365 2654 410 2708 pot
411 2647 450 2693 ius
468 2647 499 2693 ab
516 2646 641 2696 adiectivo
658 2638 708 2711 μό-

223 2726 272 2768 νος
300 2725 377 2772 quarn
404 2727 419 2759 a
446 2713 524 2761 verbo
555 2712 708 2764 λείπεσθαι

222 2779 347 2842 suspendi
363 2779 444 2828 voluit
460 2781 619 2844 genetivum,
639 2797 709 2830 oom-

222 2860 336 2895 memoro
357 2846 397 2907 id,
416 2848 487 2909 quod
508 2849 584 2897 modo
601 2851 669 2897 adv.
684 2852 709 2900 6.

221 2913 380 2978 algnihuavi,
411 2915 437 2963 in
466 2917 520 2965 eius
544 2916 613 2966 modi
637 2917 708 2976 loeis,

222 2981 311 3043 quales
347 2982 464 3032 adhibuit
498 2983 708 3049 Lentingius,

222 3064 300 3113 saepe
312 3049 417 3099 difficile
430 3067 487 3101 esse
504 3052 609 3101 alterum
623 3063 707 3102 utrum

222 3118 375 3166 contendere
388 3127 433 3166 aut
446 3132 522 3166 uriam
535 3121 664 3168 notionem
677 3121 708 3168 ab

222 3183 300 3232 altera
319 3198 452 3248 separare,
475 3185 554 3233 veluti
572 3186 667 3236 Hecub.
684 3202 708 3235 v

222 3252 279 3300 769.
297 3253 352 3300 ποῖ
364 3249 420 3300 τῶν
436 3241 500 3301 τότ’
517 3243 609 3301 όντων
627 3251 709 3317 χωρί-

222 3330 274 3374 σας
287 3313 395 3368 τέκνων
412 3308 513 3381 alvom
521 3317 708 3398 Sophoclis

222 3385 292 3432 Aiao.
311 3385 361 3433 510
379 3399 419 3448 sq
447 3381 474 3436 εί
497 3381 563 3444 νέας
592 3385 709 3464 Τρυφῆς

218 3448 374 3534 στερηθεὶς
391 3451 443 3502 σοῦ
463 3450 604 3503 διοίσεται
622 3446 709 3516 μόνος

218 3510 290 3569 Τπ’
303 3510 652 3600 όρφανιστῶνμὴφίλων

256 3587 341 3640 vot.
362 3590 543 3667 χρηστοῖσι
563 3581 709 3669 δούλοις

224 3647 707 3722 ξνμφοριλτιὶδετποτῶνκτὲ.]

222 3720 290 3769 Haeo
311 3723 413 3770 verba
408 3738 434 3770 nr
455 3724 561 3785 antiqua
581 3725 711 3789 proverbii

221 3800 328 3837 consuet
319 3791 407 3839 tudine
419 3789 502 3840 fuisse
514 3792 640 3845 videntur.
660 3807 710 3853 qua

223 3858 249 3904 in
274 3858 389 3906 oratioue
412 3859 553 3908 vetustiore
577 3853 710 3924 ξυμφορὰ

206 3924 334 3986 ¹servavit
355 3925 464 3988 primam
486 3926 562 3974 istam
582 3928 709 3976 notionem

222 3992 305 4049 verbi,
323 4003 351 4040 ut
363 4001 431 4042 esset
444 3994 482 4056 id,
501 3994 571 4055 quod
584 3995 618 4043 ita
631 3997 711 4059 perti-

225 4070 294 4107 neret
305 4059 337 4108 ad
350 4059 466 4125 alterum,
484 4071 513 4110 ut
524 4077 581 4111 eum
594 4062 711 4112 similiter

223 4125 343 4176 adiiceret
367 4138 443 4190 atque
468 4143 524 4178 enm
549 4131 644 4194 Ipsum,
669 4131 710 4180 oui

760 1501 858 1564 aliquid
893 1499 1037 1548 accidisset
1073 1499 1163 1548 Posuit
1197 1498 1246 1547 hoo

759 1518 827 1619 ideqm
845 1567 1008 1633 proverbium
1026 1566 1226 1683 Euripides
1220 1580 1247 1614 ιιι

760 1636 853 1686 Bacch.
868 1651 891 1685 v.
902 1637 966 1684 1016
976 1649 1015 1696 sq
1016 1626 1099 1711 Ηῶςσ
1096 1623 1247 1694 ὲστενσλζω

761 1703 865 1761 δοῦλος
877 1691 916 1752 ῶν
929 1695 992 1778 μέν,
1006 1690 1070 1752 ἀλλ’
1081 1689 1157 1761 ὅμως
1169 1701 1248 1782 Χρη-

761 1776 853 1824 στοισι
891 1760 1008 1848 δούλοις
1044 1761 1178 1833 συμφορὰ
1210 1762 1246 1818 τοὶ

762 1836 917 1894 δεσποτῶν,
929 1851 980 1898 quo
990 1838 1016 1884 In
1027 1836 1082 1885 loeo
1093 1836 1245 1902 explicando

760 1909 920 1957 vehementer
940 1904 976 1951 illi
994 1905 1072 1952 oritiui
1090 1912 1246 1963 erraverunt,

762 1977 805 2037 qui
824 1990 838 2022 e
856 1972 958 2020 Medeae
979 1970 1036 2020 looo
1056 1971 1123 2020 hunc
1142 1985 1247 2020 versum

761 2042 820 2090 illuo
838 2048 972 2088 retractum
984 2038 1113 2088 dixerunt.
1137 2036 1202 2087 Nam
1221 2039 1248 2087 in

762 2111 817 2158 eius
832 2107 903 2155 modi
920 2105 984 2155 locis
1003 2106 1097 2154 similia
1110 2107 1186 2155 verba
1203 2114 1249 2154 ant

762 2178 838 2226 etiam
862 2174 950 2222 eadem
975 2174 1051 2223 verba
1075 2184 1141 2222 reete
1165 2175 1248 2238 repeti

762 2257 836 2293 nemo
849 2256 900 2291 non
914 2242 991 2305 videt,
1002 2241 1052 2289 nisi
1061 2242 1105 2302 qui
1117 2241 1249 2306 praeiudi-

761 2324 817 2361 cata
842 2310 964 2374 opinione
984 2309 1016 2358 ad
1035 2310 1186 2358 sententiam
1207 2309 1248 2358 di·

761 2379 867 2428 cendam
879 2376 993 2425 accessit
1015 2374 1103 2437 Neque
1120 2392 1165 2442 per
1180 2391 1209 2424 se
1220 2376 1249 2424 in

760 2447 804 2496 illo
817 2447 873 2495 loro
886 2460 922 2494 τα
912 2437 1081 2495 δεσποτῶν
1099 2443 1247 2506 summula,

761 2530 827 2578 quae
840 2512 1120 2571 accideruntdominis,
1134 2512 1248 2560 sedtan-

760 2593 814 2632 tum
846 2580 917 2637 illa,
954 2594 1033 2640 quae
1062 2579 1249 2628 aeciderunt

761 2650 915 2703 dominis,
938 2657 966 2695 ut
985 2646 1161 2695 hoodieatur:
1187 2644 1249 2695 So·

759 2718 825 2766 lent
843 2715 959 2770 servis,
978 2716 1031 2776 qui
1049 2713 1136 2779 frugi
1157 2722 1246 2773 sunt,

760 2801 809 2842 ea,
829 2797 908 2845 qnae
926 2782 1247 2858 acciduntdomInis,

759 2850 1032 2901 eommuniaesse.
1050 2840 1248 2914 ovppopuiigi-

760 2932 800 2970 tur
824 2919 850 2966 ln
875 2919 929 2965 eins
948 2918 1017 2966 modi
1036 2916 1096 2966 louis
1115 2916 1249 2981 signifieat

760 2989 795 3046 id,
820 2985 891 3048 quod
916 2999 965 3032 una
989 2984 1149 3033 tolerandum
1171 2994 1249 3046 atque

761 3052 950 3105 exanclandum
962 3063 1001 3101 est
1015 3052 1101 3100 alteris
1153 3108 1160 3126 o

795 3123 828 3170 V.
842 3124 884 3174 66.
904 3118 1041 3183 φρενῶν
1066 3112 1249 3168 ἄνθαπτε·

760 3185 832 3253 ται]
869 3195 999 3233 mentem
1036 3192 1184 3248 peuetrat
1221 3195 1249 3234 et

760 3268 905 3303 maerore
928 3250 1106 3330 perfundit.
1131 3249 1199 3298 Infra
1223 3268 1247 3304 ν

762 3323 836 3371 1349
850 3317 902 3399 τῇς
914 3315 967 3382 σῆς
979 3309 1041 3400 γάρ,
1053 3335 1090 3376 ως
1098 3309 1249 3436 §primm
1181 3335 1249 3383 ιιαρ-

761 3387 828 3445 δίας
861 3385 1055 3451 ανθηψαμην.

760 3455 848 3504 Helen
861 3455 920 3505 969.
940 3453 1017 3501 Rhes.
1031 3455 1089 3503 916.
1104 3452 1141 3502 Os.
1154 3454 1247 3508 Aleest

762 3526 819 3574 108,
852 3522 938 3582 ibique
967 3520 1067 3571 Mo‘nlt.
1090 3536 1117 3586 p.
1141 3523 1184 3574 42.
1209 3522 1248 3571 ed.

760 3590 852 3654 Pilugh
886 3603 937 3637 seo.
964 3599 988 3637 et
1012 3588 1197 3639 Blomfield.
1215 3589 1249 3639 ad

761 3657 854 3708 Aesoh.
866 3656 936 3705 Pers.
952 3658 1010 3710 709.
1036 3670 1160 3706 ronnas.
1222 3668 1230 3680 ²

795 3726 828 3773 V.
844 3725 876 3774 66
889 3739 928 3786 sq.
949 3722 1059 3773 Cioero
1079 3724 1142 3788 Disp
1170 3723 1247 3774 Tuso.

761 3794 803 3842 lll.
821 3794 863 3848 26,
878 3793 919 3843 63.
942 3791 1007 3841 Sunt
1022 3799 1104 3841 autem
1116 3793 1168 3846 alit.
1186 3806 1249 3856 qnos

760 3863 786 3910 τίι
805 3861 873 3909 luctu
890 3876 943 3908 eum
959 3861 1019 3923 ipra
1033 3861 1168 3909 solitudine
1180 3859 1251 3924 loqui

762 3931 880 3980 delectat.
899 3929 982 3976 utillo
999 3928 1071 3991 apud
1083 3927 1191 3976 Eundem
1203 3943 1249 3976 πα-

762 3997 831 4046 trix.
857 3996 1084 4059 Cupidooept't
1103 3996 1250 4044 miseram

762 4080 841 4113 nune
856 4079 899 4112 me
918 4064 1071 4126 proloqui
1087 4062 1182 4111 Caelo
1199 4067 1248 4112 ut-

763 4147 819 4197 que
852 4131 973 4180 Terrae
998 4130 1130 4179 Medeoi'
1156 4131 1250 4179 miae-
