2588 4574
489 257 672 312 mensu
1069 259 1090 320 9

66 429 161 487 posse.
197 413 279 486 Atqui
299 429 354 468 non
371 420 436 468 sunt
451 414 552 468 aliena:
575 431 635 469 nam
658 431 748 487 neque
769 416 877 471 caedem
896 416 1044 472 liberorum
1066 420 1089 472 si

69 491 202 569 δυσσεβῆ
216 488 312 567 φόνον
328 497 407 558 dicit,
429 496 552 553 foediore
574 515 631 553 eam
648 515 706 554 rem
728 499 837 554 nomine
858 500 991 573 appellat,
1008 517 1089 572 qnam

68 581 144 656 quod
157 579 256 654 ipsam,
272 597 341 654 quae
356 579 476 642 fecisset,
492 581 610 643 deceret,
626 590 658 637 nt
672 585 763 639 visum
779 592 821 638 est
835 584 1025 647 Boeckhio‚
1042 601 1089 640 ne-

68 683 122 740 que
137 666 192 721 hoc
212 666 321 738 quidem
336 663 399 720 loco
414 665 547 721 invidiose
562 665 709 722 Corinthus
729 665 769 741 γῆ
784 659 923 739 Σισύφου
937 676 1049 724 vocatur
1057 663 1089 744 5).

67 750 211 805 Postremo
233 750 257 804 si
280 750 342 822 quis
358 751 487 811 miretur,
509 767 561 822 qua
577 758 668 805 mente
690 750 831 806 sollemnia
847 769 923 808 sacra
939 751 1088 807 Corinthiis

68 833 102 889 ad
116 833 277 906 expiandum
290 833 380 889 scelus
395 834 520 905 iniungat
532 834 633 896 Medea,
649 836 726 890 cuius
741 834 814 891 nulla
831 837 901 908 apud
916 835 979 891 illos
995 845 1089 891 aucto-

67 918 137 973 ritas
152 933 213 973 esse
228 919 334 990 potuit:
358 917 467 974 obeam
483 933 540 973 rem
560 934 594 972 ne
610 918 641 973 ad
659 935 765 975 causam
782 919 921 976 dicendam
944 927 991 975 ant
1007 928 1090 992 poeta

67 1010 118 1057 aut
132 1016 190 1058 ,nos
211 1018 354 1064 vocemur,
376 1001 442 1057 lacit
463 1001 589 1073 ambigua
609 1005 649 1057 vis
671 1003 752 1059 verba
772 993 977 1076 προοιὶψομεν.
1014 1003 1091 1071 Quae

68 1102 153 1159 quum
176 1087 213 1141 ita
240 1085 310 1150 sint,
333 1102 366 1140 eo
388 1085 565 1148 revolvimur,
588 1094 620 1141 ut
640 1086 691 1143 alia
714 1087 955 1162 circumspicienda
976 1091 1031 1142 sint
1046 1105 1089 1142 ar-

67 1176 209 1244 gumenta,
225 1169 323 1242 quihus
338 1169 373 1231 id,
390 1187 405 1224 a
420 1187 475 1242 qun
489 1173 578 1225 omnis
590 1171 657 1226 haec
671 1172 821 1244 disputatio
836 1172 960 1245 prosecta
977 1179 1027 1232 est,
1044 1171 1090 1226 de·
1116 1211 1119 1217 -

66 1260 247 1310 monstretur.
443 1295 446 1300 .

154 1340 292 1410 Aequum
308 1337 336 1391 in
357 1339 416 1410 ipsa
432 1336 523 1394 sabula
544 1338 617 1394 nulla
639 1356 700 1394 esse
715 1339 809 1395 relicta
826 1340 942 1414 duplicis
961 1340 1088 1395 editionis

66 1420 184 1494 vestigia
200 1420 383 1484 docuerimus,
398 1424 576 1494 reperiuntur
591 1429 682 1478 tamen
698 1430 728 1478 et
744 1423 824 1478 verba
840 1423 970 1479 nonnulla
986 1432 1014 1477 et
1028 1439 1088 1477 ver-

66 1523 129 1568 sus,
153 1505 201 1578 qui
223 1521 306 1577 quum
328 1522 360 1561 ex
374 1505 511 1579 Euripidis
526 1506 618 1562 Medea
639 1507 750 1581 repetiti
775 1524 836 1562 esse
859 1508 985 1564 dicantur
998 1523 1088 1579 neque

66 1598 158 1646 tamen
174 1591 203 1645 in
219 1605 264 1651 ea,
280 1605 361 1662 qnam
375 1590 457 1645 hodie
473 1598 606 1651 tenemus,
622 1590 713 1647 sabula
729 1600 849 1654 exstent,
872 1608 969 1663 magna
985 1600 1027 1646 est
1042 1608 1085 1646 su-

67 1675 152 1746 spitio
167 1673 255 1728 lectos
271 1673 336 1728 olim
351 1675 380 1728 ln
396 1673 480 1728 altera
496 1677 555 1730 eius
570 1675 699 1731 editione.
734 1674 772 1730 En
788 1692 821 1731 eo
837 1693 937 1748 genere
953 1683 1018 1731 sunt
1033 1675 1089 1730 duo
1186 1638 1205 1720 f

67 1770 163 1812 versus
179 1772 194 1811 a
210 1755 362 1812 Stobaeo
380 1757 432 1812 Tit.
449 1757 580 1813 LXXVlll.
595 1776 622 1831 p.
639 1759 830 1817 453=333.
847 1762 959 1815 servati:

299 1896 330 1961 ιό
346 1901 462 1978 θρέψαι
478 1896 505 1960 δ’
524 1901 556 1961 ἐν
570 1905 701 1980 βροτοῖσι
716 1898 860 1976 πολλάκις

177 1989 277 2046 Πλείω
293 1988 407 2062 πορίζει
422 1989 530 2063 φίλτρα
545 1991 598 2047 τοῦ
613 1989 707 2062 φῦσαι
722 1988 819 2048 τέκνα.

67 2143 168 2198 tertius
184 2143 255 2198 hand
271 2143 351 2199 dubie
366 2143 528 2216 Euripideus
543 2142 658 2216 (Eragm.
674 2145 728 2199 Ine
745 2144 816 2216 ext.)

256 2275 353 2334 Μισῶ
367 2268 525 2349 σοφιστήν,
541 2266 621 2344 ὅστις
636 2265 691 2352 οὐχ
705 2267 788 2355 αὐτῷ
803 2267 905 2348 σοφός,
958 2334 963 2342 ,

69 2430 150 2488 quem
167 2428 198 2468 ex
213 2411 305 2468 Medea
319 2411 454 2485 Euripidis
469 2415 584 2486 petitum
602 2429 662 2467 esse
677 2413 739 2468 inde
755 2413 919 2475 coniiciunt,
936 2413 1010 2486 quod
1026 2429 1088 2469 eum

69 2500 117 2571 qui
132 2497 227 2552 Latine
242 2498 439 2570 interpretatus
455 2505 498 2552 est
512 2496 643 2552 Ennius
659 2496 721 2568 (Cic.
733 2497 766 2552 ad
781 2497 844 2552 fam.
857 2497 913 2558 Vll,
937 2498 964 2553 6.
978 2496 1040 2552 οοΙΙ.
1054 2498 1087 2552 de

69 2575 115 2637 oli.
132 2581 181 2644 ΙΙΙ,
203 2579 279 2652 lin),
302 2582 329 2635 in
346 2583 507 2653 cognomine
524 2581 627 2643 fabula,
644 2581 711 2636 iacta
728 2580 774 2635 illa
789 2582 822 2637 ad
838 2579 991 2655 exemplum
1006 2581 1087 2636 Euri-

68 2662 175 2739 picleae,
190 2668 292 2736 posuit.
319 2667 354 2719 lt
368 2666 421 2721 hoc
436 2665 545 2738 quidem
561 2672 752 2738 argumentum
768 2682 824 2720 non
840 2665 972 2721 eiusmodi
989 2673 1040 2726 est,
1057 2673 1089 2720 ut

68 2748 152 2814 illud,
170 2748 244 2822 qnod
258 2749 320 2803 inde
335 2747 405 2804 ellici
422 2749 525 2817 volunt,
541 2751 696 2806 necessario
713 2750 917 2805 concedendum
933 2751 982 2804 sit:
1007 2749 1087 2805 modo

70 2832 241 2907 reputaveris
256 2849 310 2888 non
325 2833 363 2888 ita
374 2833 485 2890 Latinos
497 2842 593 2907 poetas
608 2836 635 2888 in
648 2834 811 2889 Graecorum
823 2834 1016 2906 exemplarium
1029 2835 1088 2889 imi·

69 2919 175 2973 tatione
190 2925 313 2973 versatos
335 2934 409 2979 esse,
431 2925 463 2973 ut
476 2917 588 2972 verbnm
609 2917 693 2972 verbo
714 2918 860 2973 redderent
879 2933 968 2989 neque
989 2917 1023 2972 ab
1044 2933 1088 2978 eo,

70 3018 152 3075 quem
167 3001 261 3056 ducem
276 3001 416 3074 plerisque
427 3003 454 3055 in
470 3000 553 3056 rebus
569 3009 761 3073 sequerentur,
776 3002 803 3054 in
816 3000 876 3055 aliis
892 2999 1031 3055 discedere
1046 2999 1089 3054 las

70 3086 211 3142 ducerent.
244 3085 336 3158 Neque
357 3087 445 3139 maior
460 3083 526 3139 fides
543 3100 685 3145 versuum,
707 3100 777 3156 quos
799 3101 831 3138 ex
846 3082 935 3139 Medea
950 3082 1088 3156 Euripidis
1155 3122 1158 3126 ·

70 3177 197 3241 sumptos
211 3185 307 3242 margo
320 3167 431 3224 Stobaei
447 3175 577 3224 testatur:
594 3168 641 3241 qui
656 3184 711 3223 non
727 3168 817 3224 addito
829 3184 917 3241 neque
929 3175 1028 3242 poetae
1041 3183 1089 3222 ne-

70 3247 124 3327 que
135 3252 243 3309 fabulae
255 3256 364 3309 numine
375 3253 506 3324 leguntur
519 3252 589 3325 apud
600 3253 699 3308 Glcm.
712 3253 802 3308 illex.
815 3253 931 3325 Paedag.
944 3254 967 3308 Ι..
976 3269 1003 3322 p.
1017 3250 1088 3313 127,

69 3337 122 3395 25.
146 3337 175 3392 lu
191 3338 284 3393 codice
300 3347 388 3392 autem
405 3336 514 3392 Stobaei
530 3337 676 3392 Parisiensi
693 3337 861 3410 adscriptum
877 3346 919 3391 est
931 3327 1039 3392 Βιότοο
1054 3328 1088 3391 ἐκ

69 3415 220 3492 Μηδείας.
240 3422 335 3494 ltaque
351 3423 407 3476 sive
422 3420 460 3477 illi
472 3437 568 3476 versus
584 3430 649 3476 sunt
662 3421 753 3475 Bioti
770 3421 919 3483 cuiusdam,
935 3420 968 3476 de
979 3437 1034 3493 quo
1046 3423 1088 3476 ni·

68 3503 109 3560 hil
123 3513 241 3567 constat,
258 3507 323 3567 sive,
340 3513 371 3560 ut
385 3507 541 3579 suspicatur
552 3504 752 3566 Elmslelus,
765 3505 925 3578 Dionysii
940 3506 1048 3578 tyranni
1055 3499 1087 3575 6),

69 3597 146 3645 certe
160 3588 297 3662 Euripidis
312 3607 368 3646 non
384 3606 444 3645 esse
460 3588 643 3646 confitendum
660 3595 713 3643 est.
735 3588 900 3660 Hesychii
916 3587 1006 3643 locum
1024 3605 1046 3642 s.
1061 3605 1087 3641 v.

66 3658 286 3728 Ἀποιιῶνιστον
313 3684 473 3747 corruptum
500 3689 560 3728 esse
586 3671 687 3729 collato
715 3672 775 3727 cod.
797 3671 890 3726 Venet.
918 3671 1087 3727 intellectum

70 3856 273 3868 -—---

136 3988 165 4049 5)
179 3986 218 4038 cl.
233 3987 393 4038 Gaetulici
405 3988 495 4053 Epigr.
509 3989 542 4038 V.
557 3988 633 4038 Anni.
647 3987 690 4036 Br.
705 3988 735 4035 ΙΙ.
749 4003 776 4053 p.
791 3989 849 4036 167.

68 4137 95 4186 p.
110 4055 165 4172 1663)
172 4054 216 4185 ⁸Iple
227 4055 304 4104 huius
317 4056 457 4120 tragoediis
471 4056 568 4104 erudite
579 4057 721 4120 disputavit
732 4054 910 4103 Meinckins
929 4054 962 4103 ad
974 4053 1089 4117 Euphor.
