2588 4574
592 222 875 315 EURIPIDIS

624 404 801 479 ἀναστροφὴ
816 407 849 478 β’.

329 512 481 596 εἴδομεν,
499 501 563 573 οὐκ
583 505 615 586 ἐξ
635 502 757 591 ἑτέρων

328 607 453 697 μύθων
472 612 591 694 ἔχομεν
609 603 823 693 φράσασθαι·

329 708 367 778 σὲ
384 706 450 800 γάρ
468 704 509 776 οὐ
528 706 642 793 πόλις,
660 704 700 773 οὐ
720 710 831 792 φίλων
848 730 896 783 τις
916 701 1032 795 ᾤκτει-

329 837 388 900 ρεν
405 813 589 877 παθοῦσαν

330 910 521 980 δεινότατον
535 908 685 978 παθέων.

329 1010 505 1101 ἀχάριστος
524 1005 635 1078 ἔλαθ’
657 1008 723 1099 ὅτῳ
742 1005 883 1097 πάρεστι

329 1111 374 1202 μὴ
393 1119 516 1201 φίλους
534 1116 633 1199 τιμᾶν
650 1106 809 1199 καθαράν
827 1106 925 1177 ἀνοί-

329 1215 432 1296 ξαντα
449 1216 559 1302 nti-fitia
576 1216 729 1301 φρενῶν·
759 1211 832 1299 ἐμοὶ

329 1314 392 1405 μὲν
408 1320 507 1402 φίλος
525 1311 644 1382 οὔποτ’
665 1318 765 1382 ἔστω.

651 1441 692 1494 ΑΙ
699 1443 750 1493 ΓΕ
758 1443 783 1492 Τ
791 1443 822 1490 Σ.

174 1572 177 1578 ·
227 1515 380 1605 Μήδεια,
398 1529 510 1606 χαῖρε·
538 1519 641 1584 τοῦδε
658 1513 724 1604 γὰρ
742 1519 917 1603 προοίμιον

295 1731 329 1780 V.
342 1732 401 1782 650.
420 1724 524 1796 μύθων
536 1727 602 1782 libri.
615 1727 714 1794 μῦθον
726 1727 899 1779 Nauckius.
915 1721 969 1794 ἔχω
981 1700 1182 1783 Bc'naoouB.
1195 1726 1247 1778 ior-

226 1809 297 1850 tusse
309 1800 384 1848 etiam
399 1798 426 1853 θ.
447 1792 550 1862 ἔχομεν
562 1796 672 1846 Aldus.

295 1868 327 1918 V.
340 1867 400 1916 651.
419 1860 450 1917 σὲ
462 1857 517 1930 γὰρ
530 1854 565 1914 οὗ
578 1863 671 1929 φίλων
683 1881 726 1923 τις
739 1858 774 1914 οά
785 1856 869 1923 πόλις
882 1863 907 1913 Β
913 1862 942 1918 0.

1029 1945 1063 1982 (W

294 2002 327 2054 V.
338 2002 397 2051 653.
410 1990 567 2051 δεινότατα
578 2013 667 2048 ornnes
679 2007 779 2063 praeter
792 1999 824 2074 ’0,
838 2000 883 2060 qui
893 1990 1057 2078 δεινότατα.
1075 1997 1247 2047 Elmsleiuo

227 2060 1247 2199 ⁰⁰m⁹ifiu¹ffiiiiiffl⁸iinff2ssfitifssissiiii&Vimiiiiiir...u

226 2203 314 2253 adnot.
327 2211 428 2266 exeget.
441 2202 474 2251 ud
484 2218 508 2250 v.
521 2202 580 2252 596.

293 2271 326 2322 V.
340 2271 399 2320 655.
417 2262 577 2332 ἀνοίξαντα
590 2267 706 2317 BCEbd
719 2258 871 2330 ἀνοίξαντι
885 2267 910 2317 Β
919 2265 975 2334 [0].

294 2338 327 2390 V.
339 2339 399 2388 656.
418 2329 482 2401 ἐμοὶ
499 2337 555 2386 libri
568 2335 621 2386 fere
634 2350 731 2385 omnes.
751 2335 789 2384 De
801 2335 822 2385 0
838 2350 891 2385 non
903 2345 1012 2386 constat.
1035 2324 1125 2401 κάμοὶ
1136 2334 1247 2387 Aldus.

261 2506 293 2558 V.
315 2507 374 2559 649.
405 2503 562 2571 εἴδομεν,
586 2496 648 2556 οὖν
670 2497 708 2565 ἐξ

226 2563 354 2639 ἕτέρων
374 2565 498 2637 μύθων
518 2563 589 2638 cufi]
614 2572 709 2621 Vidi-

225 2655 308 2699 mus,
325 2655 388 2688 non
407 2655 444 2688 ex
461 2640 578 2689 alienis
597 2653 708 2687 narra-

225 2707 707 2759 tionibushabemusdicereeto,

159 2791 167 2800 ‘
224 2775 293 2824 Haec
309 2775 435 2825 sententia
447 2775 585 2839 aptissima
601 2776 627 2822 in
639 2774 708 2823 hunc

224 2842 318 2901 locum,
329 2843 389 2892 vide
401 2842 491 2907 Eurip.
500 2841 598 2895 Heraci.
611 2843 635 2892 5.
649 2856 706 2890 τινα

224 2911 314 2964 adnot.
336 2909 450 2975 Pssugkii
472 2924 500 2974 p.
524 2910 566 2962 28.
591 2910 631 2959 ed.
656 2923 706 2959 seo.

224 2977 328 3028 Retiuui
340 2988 425 3027 autem
438 2978 470 3027 ab
482 2977 563 3027 Aido
576 2992 707 3043 propaga-

224 3056 276 3094 tum
298 3047 452 3112 scripturam
473 3037 577 3110 μύθων
594 3040 707 3111 ἔχομεν,

224 3128 271 3162 nec
283 3114 376 3177 scripsi
387 3123 490 3161 auctore
500 3111 641 3161 Nauckio
653 3110 709 3176 μῦ·

224 3181 284 3231 θον
297 3175 364 3245 ἔχω,
382 3180 453 3241 quod
469 3171 574 3243 μύθων
590 3181 617 3229 in
636 3180 707 3228 libris

224 3247 332 3296 habetur
361 3247 494 3304 omnibus,
530 3240 584 3311 ἔχω
613 3256 708 3304 autern,

225 3329 294 3391 quod
307 3329 364 3377 libri
377 3328 500 3388 offerunt,
516 3327 589 3378 facile
601 3345 634 3378 ex
647 3312 708 3395 ίχῖι.

224 3398 243 3444 i.
262 3411 283 3447 e.
302 3390 418 3463 ἔχομεν,
441 3397 502 3446 oriri
519 3397 612 3462 potuit.
643 3397 707 3446 Nam

224 3463 276 3513 dici
296 3464 341 3512 vix
361 3474 447 3529 potest
467 3465 586 3526 quotiens
609 3458 662 3531 ἔχω
684 3476 709 3515 et

225 3525 327 3598 ἔχομεν
340 3541 446 3598 propter
463 3531 512 3581 hoc
526 3534 708 3599 compendium

224 3601 290 3650 inter
306 3616 335 3650 se
351 3609 507 3650 commutato
519 3601 579 3654 siut.
606 3601 643 3651 De
655 3600 708 3651 ior·

224 3668 293 3715 mula
310 3669 369 3732 ipsa
384 3667 453 3718 cous.
465 3683 531 3731 quae
547 3669 633 3719 adlata
649 3679 710 3719 sunt

224 3734 257 3783 ad
269 3735 353 3799 Iphig.
367 3735 443 3785 Tuur.
457 3738 515 3787 783.
528 3751 555 3800 p.
570 3739 618 3786 122
631 3753 672 3799 eq.

257 3794 706 3869 7.654.ἀχάριστοςὸίοιθ’]

223 3867 368 3918 Pessime
384 3882 502 3934 pereat.
537 3868 602 3918 Nam
619 3861 708 3937 ἄχαρι

224 3935 264 3984 vei
286 3927 442 4001 ἀχάριστον
466 3937 558 3985 dicitur
582 3938 709 3999 quidquid

224 4017 303 4067 grave
316 4014 390 4053 estet
402 4004 523 4056 invisum.
536 4001 574 4053 Oi.
586 4005 708 4056 Herodot.

224 4070 243 4120 1.
256 4071 298 4121 38.
313 4071 371 4122 168.
390 4085 515 4122 eunucu.

259 4154 293 4207 v,
317 4156 375 4205 ωε».
407 4144 618 4222 ἀνοίξαντα]
645 4157 706 4207 Pur-

764 2504 835 2554 lostr.
856 2501 905 2554 Vit.
929 2503 1015 2587 Apoll.
1032 2504 1064 2556 V.
1082 2505 1124 2555 31.
1142 2519 1170 2571 p.
1189 2504 1246 2555 313.

764 2567 810 2622 coi
822 2566 855 2622 ot
867 2569 918 2622 καί
930 2589 966 2623 τα
980 2567 1082 2635 στέρνα
1095 2561 1246 2638 ἀνεάχθαι

764 2638 848 2690 δοκεῖ
870 2632 956 2706 τάμά.
988 2653 1113 2689 eunucu.
1145 2622 1247 2689 Dictum

762 2707 864 2757 videtur
892 2722 940 2772 pro
976 2698 1114 2771 καθαρὰς
1145 2700 1247 2771 ἔχοντα

764 2771 855 2837 δείξει
872 2770 991 2840 φρένας.
1016 2789 1042 2824 u.
1060 2787 1172 2825 meone.
1202 2772 1248 2823 Oe·

762 2853 844 2893 terum
853 2833 1012 2906 ἀνοίξαντα
1022 2843 1108 2906 aptius
1118 2841 1168 2893 h.l.
1177 2840 1248 2891 vide-

762 2921 804 2960 tur
813 2925 870 2960 esse
880 2925 955 2973 quom
967 2901 1127 2972 ἀνοίξαντι.
1144 2908 1249 2959 Rectius

763 2979 831 3028 enirn
848 2978 899 3027 hoc
916 2978 973 3027 loco
991 2978 1017 3026 in
1036 2978 1163 3026 sententio
1180 2983 1249 3026 conr·-

762 3047 835 3095 muni
855 3045 944 3095 referri
961 3045 1062 3094 videtur
1084 3044 1250 3110 participium

764 3114 797 3163 ad
809 3112 962 3162 infinitivum
973 3127 1051 3177 quum
1063 3112 1096 3163 ad
1104 3124 1249 3176 pronomen

764 3170 835 3246 ὅτῳ,
853 3181 971 3242 quiores
991 3180 1078 3244 potins
1095 3194 1175 3241 quam
1192 3193 1250 3245 per·

766 3262 831 3297 sona
847 3249 874 3295 in
891 3248 946 3297 eius
969 3247 1040 3295 modi
1056 3247 1120 3297 locis
1143 3245 1249 3315 conspi-

764 3314 855 3363 cienda
872 3323 919 3364 est.
947 3315 980 3364 V.
1000 3314 1087 3368 Rost.
1105 3330 1145 3379 gr.
1163 3313 1208 3368 Gr.
1224 3313 1247 3375 β.

765 3384 823 3433 127.
836 3381 896 3435 adn.
908 3384 933 3430 2.
947 3397 974 3447 p.
987 3384 1046 3433 763.
1060 3383 1101 3434 ed.
1113 3381 1172 3435 VII.

798 3483 831 3535 V.
844 3483 895 3533 658
907 3499 966 3546 sqq.
985 3484 1039 3532 Iam
1052 3485 1167 3548 Aegeus,
1180 3481 1250 3533 unus

762 3550 921 3615 Pandionis,
943 3566 1026 3616 nepos
1046 3548 1182 3615 Cecropis,
1203 3564 1251 3601 rex

763 3618 932 3677 Athenarum,
946 3620 991 3682 qui
1003 3627 1095 3683 postea
1107 3633 1141 3667 ex
1152 3616 1250 3669 Aethra

763 3685 856 3737 Pitthei
886 3687 1020 3736 Troezenii
1044 3684 1097 3735 filiu
1120 3685 1250 3737 Theseum

765 3754 892 3818 suscepit,
910 3754 1026 3813 advenit,
1044 3755 1089 3815 qui
1105 3767 1187 3815 quum
1204 3753 1250 3803 diu

763 3823 820 3871 uine
828 3822 914 3871 liberis
925 3830 1002 3881 esset,
1014 3820 1251 3886 consultodeprolc

763 3889 929 3952 suscipiendo
965 3889 1092 3954 Apollinis
1130 3887 1251 3954 Delphici

763 3956 866 4006 oraculo
889 3970 1044 4021 responsum
1066 3956 1130 4006 satis
1155 3956 1250 4007 obscu-

762 4037 819 4071 rum
857 4023 1001 4085 rettulerat,
1040 4024 1110 4086 quod
1148 4032 1253 4089 praeter

764 4088 868 4140 Schol.
881 4091 915 4141 ad
926 4091 995 4143 Med.
1005 4107 1029 4141 v.
1039 4093 1098 4142 679.
1111 4106 1138 4156 p.
1148 4093 1191 4156 76,
1207 4093 1249 4143 17.

764 4158 840 4209 Dind.
854 4169 878 4209 et
891 4157 994 4210 Schoi.
1006 4159 1039 4208 ud
1051 4159 1156 4225 Hippoi.
1168 4173 1194 4213 v.
1207 4159 1250 4209 11.
