2566 4574
540 258 721 310 MEDEA.

64 410 224 499 κούφως
247 411 430 503 φερούσῃ
448 414 656 502 κρεισσόνων
673 416 900 505 βουλεύματα,

65 512 189 599 λόγων
211 520 401 601 ματαίων
418 513 536 582 οὕνεκ’
557 518 693 585 ἐκπεσεῐ
707 518 842 604 χθονός.

64 613 176 702 κάμοὶ
197 614 280 702 μὲν
303 613 422 683 οὐδὲν
440 619 596 703 πρᾶγμα,
614 615 659 704 μὴ
678 619 794 706 παύσῃ
813 620 893 688 ποτὲ

64 714 222 802 λε’γουσ’
246 714 391 784 Ἰάσων
410 711 456 794 ῶς
473 715 631 795 κάκιστός
650 715 718 785 ἐστ’
738 716 842 805 ἀνήρ·

10 846 13 891 l
64 815 84 883 ἃ
103 815 141 885 δ’
166 822 229 897 είς
253 815 467 905 τυράννους
487 818 559 884 ἐστί
575 836 626 885 σοι
643 821 837 907 λελεγμένα,

63 924 137 986 πᾶν
157 919 312 1006 κέρδος
337 914 428 1003 ἡγοῦ
446 919 646 1005 ζημιουμίνη
663 926 770 1009 φυγῇ.

63 1017 164 1105 κᾶγῶ
188 1019 273 1106 μὲν
296 1015 361 1085 niel
380 1018 548 1103 βασιλέων
565 1020 795 1107 θυμουμένων

63 1119 180 1210 ὄργας
205 1116 400 1209 ἀφῄρουν
416 1125 477 1188 καί
493 1117 525 1186 σ’
547 1120 735 1208 ἐβουλόμην
753 1123 878 1210 με’νειν,

64 1221 107 1291 σύ
128 1220 168 1289 δ’
194 1218 281 1290 οὐκ
304 1215 419 1299 ῶνίεις
436 1226 583 1309 μωρίας,
602 1220 740 1308 λέγουσ’
761 1221 815 1291 ἀεὶ

61 1329 188 1403 κακῶς
210 1302 448 1411 τυρῶνλὲονς·
475 1320 592 1411 τοιγὰρ
611 1324 746 1392 ἐκκεσεῖ
760 1323 894 1411 χθονός.

62 1424 162 1513 ὅμως
186 1423 239 1492 δὲ
261 1421 340 1491 κάκ
358 1420 463 1491 τῶνδ’
484 1420 547 1491 οὐκ
566 1419 753 1512 ἀπειρηκώς
771 1433 881 1512 φίλοις

134 1590 175 1638 V.
190 1589 271 1638 448.
289 1577 343 1667 ,μὴ
356 1576 392 1635 oti
399 1576 501 1664 γιαῶσῃ
511 1586 541 1637 Η.
555 1585 693 1652 Sauppe.

134 1656 175 1706 V.
191 1656 270 1705 449.
299 1657 396 1704 Ιαοον
421 1653 603 1708 Elmsleius.

135 1724 178 1774 v.
198 1724 276 1775 452.
302 1711 454 1798 gietsscn.

135 1792 176 1845 V.
194 1791 273 1840 454.
297 1785 389 1852 ανίης
400 1788 432 1835 Α.
446 1787 608 1841 Matthiae.

134 1859 178 1910 V.
195 1858 273 1909 455.
296 1846 423 1907 ἔκκεσεῖ
429 1854 464 1907 Β.

60 1996 115 2044 tior
130 1993 238 2043 oratio
255 2000 317 2052 est,
341 1991 365 2039 si
378 1986 422 2041 ool
435 1985 500 2055 γάρ,
516 2006 592 2053 quant
645 1991 1130 2056 dica‚quuenongravioren1ex-

61 2064 84 2112 si
103 2053 146 2112 σύ
160 2056 234 2126 γοίρ
259 2058 376 2116 dieitur,
398 2059 423 2106 ln
445 2072 522 2119 quam
538 2074 592 2107 rem
645 2059 719 2108 silio
741 2074 876 2124 poenam
896 2061 1044 2112 subieris.
1073 2061 1130 2115 Τί-

62 2128 236 2195 eomparari
253 2134 364 2191 potest,
378 2139 454 2186 quem
463 2128 521 2190 ipse
537 2126 593 2174 lau-
644 2141 754 2192 ραννοι,
769 2125 1006 2193 utnroxllaotleig,
1015 2131 1128 2197 intellegi

62 2198 155 2255 davit,
206 2192 403 2258 Sophoclis
433 2192 505 2242 loeus
538 2195 592 2242 An·
644 2193 1129 2248 videnturGreonetGlauee.Diodn-

59 2268 111 2331 tig.
126 2266 178 2315 76.
203 2258 263 2313 ool
276 2253 312 2310 δ’
328 2254 356 2311 εί
367 2256 457 2322 δοκεῖ,
476 2252 520 2311 Tol
536 2259 593 2311 τῶν
644 2261 937 2316 russie.xvl111.5t.
960 2255 1128 2332 Εὐρυδίκην

62 2331 154 2384 θεῶν
166 2318 287 2392 ἔντιμ’
299 2316 505 2393 ῶτιμιὶσαςὲγε,
516 2343 593 2388 quem
645 2326 695 2379 καὶ
705 2329 849 2381 Φίλιππον
858 2322 926 2390 τούς
936 2329 1072 2396 βασιλεῖς.
1088 2332 1126 2384 Cf.

60 2412 160 2451 tamen
191 2398 299 2447 locum
326 2393 394 2443 male
418 2395 592 2445 Elmsleius
643 2398 755 2460 interpp.
770 2398 871 2448 adLiv.
886 2400 904 2446 l.
918 2402 960 2459 39,
973 2400 1128 2453 2,-κᾶν

60 2478 212 2519 mutatum
235 2463 327 2528 eupit.
354 2461 592 2539 Elegantioretiam
642 2457 878 2529 κέρδοςὴγοῦ.
898 2465 1127 2520 Ηοιεο1.959.καλ

63 2536 158 2586 oratio
200 2542 272 2589 est,
308 2532 331 2579 si
361 2543 489 2596 φερουσῃ
513 2545 591 2592 quam
643 2529 794 2594 κερδανεῖς
807 2521 932 2582 ἅπαντα.
950 2547 1076 2588 rrnoeu.

62 2606 86 2655 si
112 2598 297 2669 φέρουσαν
313 2596 420 2662 legitur,
440 2613 491 2660 qna
512 2598 544 2647 de
563 2614 591 2647 re
676 2599 708 2649 V.
722 2600 779 2650 454.
805 2592 843 2650 σύ
866 2591 895 2649 δ’
917 2591 978 2651 οὐκ
1000 2592 1126 2665 ἄνίεις]

61 2672 125 2723 dixi
137 2671 178 2720 ud
190 2685 224 2719 v.
239 2666 308 2718 375.
319 2664 373 2745 yde
383 2656 543 2782 ἒκςαλόντι.
641 2667 718 2716 Recte
739 2667 912 2717 Elmsleius
935 2670 1044 2719 obtinuit
1061 2671 1128 2720 hane

96 2740 137 2789 V.
155 2736 222 2789 448
239 2748 285 2796 sq.
323 2747 414 2813 καμο
448 2727 511 2798 μὲν
530 2724 589 2784 oti-
642 2737 755 2783 oninium
800 2736 922 2785 librorum
963 2739 1126 2801 scripturam,

61 2791 587 2871 δὲνπρᾶγμα,μηκαῶσῃκτὲ.]
641 2817 718 2883 quum
740 2803 1126 2867 A.llatthiaeinpraesens
1186 2827 1190 2834 ·

60 2876 185 2937 Aeque
202 2868 296 2918 mihi
310 2868 435 2930 quidem
445 2867 526 2916 nihil
539 2883 589 2917 ne·
640 2869 726 2935 ανίης
738 2880 888 2919 mutaverat.
911 2870 1045 2918 Ponuntur
1058 2872 1126 2918 enim

62 2943 159 3008 gotii
177 2937 338 2989 facessit
356 2950 538 2997 quorerear
551 2951 588 2985 ne
640 2938 704 2986 haec
717 2939 812 2995 omnia,
827 2928 959 3000 ἀφῄρουν
971 2948 996 2984 et
1008 2928 1125 3000 ἐβουλό-

62 3026 99 3061 ιιι
123 3016 306 3068 umquam
325 3002 458 3052 desinas
475 3018 520 3053 me
539 3005 588 3052 di·
639 3021 697 3068 μην
721 3014 744 3050 et
768 2994 875 3064 ἄνιέις,
904 3017 956 3049 uno
983 3004 1126 3063 eodemque

62 3093 144 3129 cere
159 3086 223 3127 ete.
241 3069 313 3119 Nam
324 3071 381 3119 sine
390 3070 468 3119 dubio
478 3080 504 3119 tu
515 3086 588 3119 num·
639 3072 727 3120 modo.
764 3068 829 3118 Nam
842 3068 910 3130 quod
920 3068 1073 3117 Matthiae
1085 3070 1126 3118 di-

61 3160 153 3209 quam
168 3140 297 3193 desines
310 3137 343 3186 de
354 3152 394 3186 me
406 3138 538 3187 detrahere
550 3150 588 3187 at·
636 3140 688 3199 xit,
708 3147 776 3188 recte
792 3139 824 3187 de
841 3139 931 3186 Iasone
948 3136 1126 3202 imperfectum

63 3230 118 3278 que
139 3214 171 3262 in
186 3219 345 3276 personum
362 3219 445 3255 meum
457 3216 589 3256 conluuie·
639 3217 741 3272 tempus
762 3207 839 3272 poni,
863 3220 913 3254 non
937 3206 998 3253 item
1019 3204 1051 3254 de
1072 3204 1125 3253 lle-

60 3282 116 3332 lies
138 3281 256 3330 dicere.
298 3270 392 3322 Subtili
411 3273 455 3322 illa
475 3275 588 3335 quidem,
640 3276 701 3335 dea,
723 3290 789 3336 quae
810 3289 891 3334 usque
912 3273 996 3322 adhue
1015 3275 1041 3322 in
1059 3273 1125 3322 male

60 3350 115 3400 sed
141 3344 256 3396 acerba
277 3341 364 3389 ironia
380 3341 500 3391 dicuntur
515 3342 588 3392 haec.
639 3343 747 3393 dicendo
769 3350 904 3407 pergeret,
926 3342 1001 3390 valde
1021 3343 1122 3390 errarit.

60 3418 209 3467 Elevetur
225 3417 318 3459 autem
335 3407 412 3458 huius
425 3410 463 3458 rei
475 3411 588 3474 gravitas
638 3411 785 3475 Respieitur
795 3411 861 3457 enim
870 3408 933 3457 illud
942 3418 1054 3473 tempus,
1065 3418 1125 3456 ante

61 3502 87 3535 et
113 3478 308 3547 significatur
334 3475 396 3525 huie
416 3479 453 3526 rei
479 3476 588 3526 multum
640 3491 717 3542 quam
731 3475 811 3526 Creon
826 3476 936 3525 edictum
955 3476 1017 3525 illud
1029 3477 1061 3525 de
1071 3476 1123 3524 lle-

60 3548 261 3601 tribuendum
290 3557 342 3592 non
368 3559 427 3594 esse
452 3558 496 3602 eo,
519 3545 601 3623 quod.
639 3547 702 3594 deae
714 3544 806 3593 exsilio
819 3555 983 3607 proponeret.

61 3621 213 3681 deinceps
230 3599 519 3677 ponunturhaeczc‘ld
546 3607 588 3670 εἰς
688 3613 721 3660 V.
736 3612 794 3661 456.
835 3599 937 3673 ὅμως
974 3606 992 3657 δ
1004 3604 1016 3658 ὲ
1049 3599 1124 3659 κᾶκ

65 3682 258 3753 τυράννους
283 3690 309 3727 et
343 3694 410 3741 quae
435 3688 586 3740 sequuntur,
639 3668 752 3739 τῶνδ’]
775 3674 1124 3726 tamenveltalirerunt

64 3769 143 3818 quae
164 3745 372 3816 periculosiora
388 3762 447 3796 esse
469 3747 587 3795 dicuntur
639 3756 734 3794 statu.
750 3743 845 3808 Soplr.
857 3743 929 3793 Aiae.
943 3744 1001 3794 537.
1015 3743 1045 3795 τί
1055 3735 1121 3809 δῆτ’

65 3813 587 3879 Medeae.Sauppinsloeumparum
638 3803 675 3864 ῶν
694 3805 732 3871 ῶς
752 3803 784 3862 ἔκ
805 3800 889 3862 τῶνδ’
915 3799 951 3861 dv
982 3805 1126 3878 ὠφελοῖμί

67 3886 236 3941 intellexit,
264 3881 337 3943 quod
360 3873 399 3946 μὴ
421 3871 456 3932 οὗ
477 3896 525 3946 pro
546 3874 585 3948 μὴ
639 3895 683 3942 σε;
698 3881 786 3945 Eurip.
799 3880 924 3928 Androm.
940 3881 1013 3931 1185.
1038 3867 1122 3937 οὗτός

69 3950 276 4023 reponendum
295 3964 352 3997 esse
364 3949 473 4014 putavit.
639 3940 666 4013 γ’
683 3937 720 3997 ῶν
734 3939 764 3998 ἐκ
777 3937 863 3998 τῶνδ’
884 3938 996 4012 ἐτιμᾶτ’
1017 3937 1063 4009 ῶν,
1077 3962 1122 4011 γε-

105 4025 145 4077 V.
160 4022 226 4073 450
239 4033 283 4080 sq.
309 4016 399 4065 Verte:
418 4016 587 4080 adprobru
638 4032 701 4081 ρον,
721 4009 833 4066 Θανῶν.
851 4016 917 4065 Vide
930 4016 958 4064 F.
972 4016 1003 4064 V.
1019 4015 1122 4063 Fritz-

10 4130 12 4139 .
72 4094 233 4155 inreges
258 4083 585 4144 iactaquodattinet‚
638 4084 760 4132 sellium
778 4080 1122 4145 Quaestt.Lucian.p.179

72 4149 587 4216 relmaxirnetefelieemprae-
637 4165 816 4212 squrnuou.
