<?xml version="1.0" encoding="UTF-8"?>
<!DOCTYPE html PUBLIC "-//W3C//DTD XHTML 1.0 Transitional//EN"
    "http://www.w3.org/TR/xhtml1/DTD/xhtml1-transitional.dtd">
<html xmlns="http://www.w3.org/1999/xhtml" xml:lang="en" lang="en">
 <head>
  <title>
</title>
<meta http-equiv="Content-Type" content="text/html;charset=utf-8" />
  <meta name='ocr-system' content='tesseract 3.04.00' />
  <meta name='ocr-capabilities' content='ocr_page ocr_carea ocr_par ocr_line ocrx_word'/>
</head>
<body>
  <div class='ocr_page' id='page_1' title='image "./euripidistragoe01pflugoog_0034.png"; bbox 0 0 2566 4574; ppageno 0'>
   <div class='ocr_carea' id='block_1_1' title="bbox 289 816 900 1085">
    <p class='ocr_par' dir='ltr' id='par_1_1' title="bbox 289 816 900 1085">
     <span class='ocr_line' id='line_1_1' title="bbox 405 816 795 892; baseline 0 -2"><span class='ocrx_word' id='word_1_1' title='bbox 405 816 795 892; x_wconf 76' lang='grc' dir='ltr'>ΕΥΡΙΠΙΔΟΥ</span> 
     </span>
     <span class='ocr_line' id='line_1_2' title="bbox 289 934 900 1085; baseline 0.005 -4"><span class='ocrx_word' id='word_1_2' title='bbox 289 934 900 1085; x_wconf 65' lang='lat' dir='ltr'><strong>anania</strong></span> 
     </span>
    </p>
   </div>
   <div class='ocr_carea' id='block_1_2' title="bbox 51 1338 890 1535">
    <p class='ocr_par' dir='ltr' id='par_1_2' title="bbox 51 1338 890 1535">
     <span class='ocr_line' id='line_1_3' title="bbox 504 1338 686 1390; baseline 0.011 -2"><span class='ocrx_word' id='word_1_3' title='bbox 504 1338 584 1389; x_wconf 85' lang='grc' dir='ltr'><strong>ΤΡΟ</strong></span> <span class='ocrx_word' id='word_1_4' title='bbox 592 1340 617 1388; x_wconf 86' lang='grc' dir='ltr'><strong>Φ</strong></span> <span class='ocrx_word' id='word_1_5' title='bbox 623 1340 647 1389; x_wconf 89' lang='grc'><strong>0</strong></span> <span class='ocrx_word' id='word_1_6' title='bbox 654 1340 686 1390; x_wconf 85' lang='grc' dir='ltr'><strong>Σ.</strong></span> 
     </span>
     <span class='ocr_line' id='line_1_4' title="bbox 51 1441 890 1535; baseline -0.002 -18"><span class='ocrx_word' id='word_1_7' title='bbox 51 1445 137 1517; x_wconf 77' lang='grc' dir='ltr'><strong>Εἶθ’</strong></span> <span class='ocrx_word' id='word_1_8' title='bbox 163 1441 294 1533; x_wconf 75' lang='grc' dir='ltr'><strong><em>ὤφελ’</em></strong></span> <span class='ocrx_word' id='word_1_9' title='bbox 312 1441 456 1533; x_wconf 74' lang='grc' dir='ltr'><strong><em>Ἀργοῦς</em></strong></span> <span class='ocrx_word' id='word_1_10' title='bbox 473 1442 518 1533; x_wconf 73' lang='grc' dir='ltr'><strong>μὴ</strong></span> <span class='ocrx_word' id='word_1_11' title='bbox 538 1444 744 1515; x_wconf 75' lang='grc' dir='ltr'><em>διαπτάσθαι</em></span> <span class='ocrx_word' id='word_1_12' title='bbox 762 1446 890 1535; x_wconf 79' lang='grc' dir='ltr'><strong><em>σκάφος</em></strong></span> 
     </span>
    </p>
   </div>
   <div class='ocr_carea' id='block_1_3' title="bbox 52 1641 1102 1910">
    <p class='ocr_par' dir='ltr' id='par_1_3' title="bbox 52 1641 1102 1910">
     <span class='ocr_line' id='line_1_5' title="bbox 120 1641 1101 1706; baseline 0.001 -14"><span class='ocrx_word' id='word_1_13' title='bbox 120 1645 159 1693; x_wconf 86' lang='lat' dir='ltr'><strong>V.</strong></span> <span class='ocrx_word' id='word_1_14' title='bbox 178 1647 209 1692; x_wconf 94' lang='lat'><strong>1.</strong></span> <span class='ocrx_word' id='word_1_15' title='bbox 232 1643 384 1706; x_wconf 87' lang='lat' dir='ltr'><strong>respiciunt</strong></span> <span class='ocrx_word' id='word_1_16' title='bbox 396 1641 632 1706; x_wconf 79' lang='lat' dir='ltr'>Aristophanes</span> <span class='ocrx_word' id='word_1_17' title='bbox 645 1643 710 1694; x_wconf 82' lang='lat' dir='ltr'><strong>Rau.</strong></span> <span class='ocrx_word' id='word_1_18' title='bbox 725 1645 798 1693; x_wconf 87' lang='grc'><strong>1382,</strong></span> <span class='ocrx_word' id='word_1_19' title='bbox 816 1658 873 1692; x_wconf 90' lang='lat' dir='ltr'><strong>cum</strong></span> <span class='ocrx_word' id='word_1_20' title='bbox 887 1641 973 1692; x_wconf 89' lang='lat' dir='ltr'><strong>Schol.</strong></span> <span class='ocrx_word' id='word_1_21' title='bbox 988 1643 1101 1694; x_wconf 83' lang='lat' dir='ltr'><strong>Eusta-</strong></span> 
     </span>
     <span class='ocr_line' id='line_1_6' title="bbox 52 1709 1101 1775; baseline 0 -14"><span class='ocrx_word' id='word_1_22' title='bbox 52 1712 141 1761; x_wconf 89' lang='lat' dir='ltr'><strong>tbius</strong></span> <span class='ocrx_word' id='word_1_23' title='bbox 157 1714 188 1758; x_wconf 89' lang='lat' dir='ltr'><strong>in</strong></span> <span class='ocrx_word' id='word_1_24' title='bbox 206 1709 240 1756; x_wconf 92' lang='lat' dir='ltr'><strong>ll.</strong></span> <span class='ocrx_word' id='word_1_25' title='bbox 255 1724 287 1773; x_wconf 88' lang='lat' dir='ltr'><strong>p.</strong></span> <span class='ocrx_word' id='word_1_26' title='bbox 300 1710 361 1767; x_wconf 79' lang='lat'>452,</span> <span class='ocrx_word' id='word_1_27' title='bbox 377 1711 418 1759; x_wconf 86' lang='grc'><strong>33.</strong></span> <span class='ocrx_word' id='word_1_28' title='bbox 432 1724 459 1773; x_wconf 90' lang='lat' dir='ltr'><strong>p.</strong></span> <span class='ocrx_word' id='word_1_29' title='bbox 471 1710 520 1758; x_wconf 78' lang='grc'><strong>526</strong></span> <span class='ocrx_word' id='word_1_30' title='bbox 535 1720 600 1762; x_wconf 82' lang='lat' dir='ltr'><strong>extr.</strong></span> <span class='ocrx_word' id='word_1_31' title='bbox 614 1725 640 1774; x_wconf 91' lang='lat' dir='ltr'><strong>p.</strong></span> <span class='ocrx_word' id='word_1_32' title='bbox 653 1713 727 1761; x_wconf 83' lang='grc'><strong>1248.</strong></span> <span class='ocrx_word' id='word_1_33' title='bbox 742 1712 767 1758; x_wconf 88' lang='lat' dir='ltr'><strong>iu</strong></span> <span class='ocrx_word' id='word_1_34' title='bbox 781 1709 874 1773; x_wconf 78' lang='lat' dir='ltr'><strong>Odyss.</strong></span> <span class='ocrx_word' id='word_1_35' title='bbox 887 1725 914 1775; x_wconf 81' lang='lat' dir='ltr'><strong>p,</strong></span> <span class='ocrx_word' id='word_1_36' title='bbox 927 1712 1000 1769; x_wconf 79' lang='lat'><strong>1469,</strong></span> <span class='ocrx_word' id='word_1_37' title='bbox 1014 1713 1056 1761; x_wconf 78' lang='lat'><strong>49.</strong></span> <span class='ocrx_word' id='word_1_38' title='bbox 1070 1712 1101 1761; x_wconf 92' lang='lat' dir='ltr'><strong>cl.</strong></span> 
     </span>
     <span class='ocr_line' id='line_1_7' title="bbox 52 1775 1102 1840; baseline -0.002 -12"><span class='ocrx_word' id='word_1_39' title='bbox 52 1777 167 1829; x_wconf 85' lang='lat' dir='ltr'><strong>Sebol.</strong></span> <span class='ocrx_word' id='word_1_40' title='bbox 186 1777 275 1825; x_wconf 84' lang='lat' dir='ltr'><strong>Iliad.</strong></span> <span class='ocrx_word' id='word_1_41' title='bbox 292 1775 324 1826; x_wconf 91' lang='lat' dir='ltr'><strong>ll.</strong></span> <span class='ocrx_word' id='word_1_42' title='bbox 343 1790 370 1840; x_wconf 82' lang='lat' dir='ltr'><strong>p.</strong></span> <span class='ocrx_word' id='word_1_43' title='bbox 384 1778 441 1826; x_wconf 88' lang='grc'><strong>133.</strong></span> <span class='ocrx_word' id='word_1_44' title='bbox 461 1775 763 1840; x_wconf 79' lang='lat' dir='ltr'><strong>ThornasMagister</strong></span> <span class='ocrx_word' id='word_1_45' title='bbox 782 1791 809 1840; x_wconf 90' lang='lat' dir='ltr'><strong>p.</strong></span> <span class='ocrx_word' id='word_1_46' title='bbox 825 1779 887 1833; x_wconf 76' lang='grc'><strong>127,</strong></span> <span class='ocrx_word' id='word_1_47' title='bbox 903 1779 927 1826; x_wconf 88' lang='grc'><strong>8.</strong></span> <span class='ocrx_word' id='word_1_48' title='bbox 948 1777 1102 1826; x_wconf 84' lang='lat' dir='ltr'><strong>Herodia-</strong></span> 
     </span>
     <span class='ocr_line' id='line_1_8' title="bbox 52 1842 904 1910; baseline -0.006 -15"><span class='ocrx_word' id='word_1_49' title='bbox 52 1862 111 1895; x_wconf 89' lang='lat' dir='ltr'><strong>nus</strong></span> <span class='ocrx_word' id='word_1_50' title='bbox 125 1845 319 1910; x_wconf 85' lang='lat' dir='ltr'><strong>Epimerism.</strong></span> <span class='ocrx_word' id='word_1_51' title='bbox 333 1857 359 1907; x_wconf 90' lang='lat' dir='ltr'><strong>p.</strong></span> <span class='ocrx_word' id='word_1_52' title='bbox 371 1845 430 1893; x_wconf 77' lang='grc'><strong>270,</strong></span> <span class='ocrx_word' id='word_1_53' title='bbox 450 1842 597 1908; x_wconf 87' lang='lat' dir='ltr'><strong>Scriptor</strong></span> <span class='ocrx_word' id='word_1_54' title='bbox 610 1842 730 1892; x_wconf 83' lang='lat' dir='ltr'><strong>Christi</strong></span> <span class='ocrx_word' id='word_1_55' title='bbox 744 1854 805 1908; x_wconf 87' lang='lat' dir='ltr'><strong>pat.</strong></span> <span class='ocrx_word' id='word_1_56' title='bbox 821 1846 834 1891; x_wconf 96' lang='grc'><strong>1</strong></span> <span class='ocrx_word' id='word_1_57' title='bbox 848 1858 904 1904; x_wconf 85' lang='lat' dir='ltr'><strong>sqq.</strong></span> 
     </span>
    </p>
   </div>
   <div class='ocr_carea' id='block_1_4' title="bbox 9 1989 1143 4144">
    <p class='ocr_par' dir='ltr' id='par_1_4' title="bbox 9 1989 1103 3665">
     <span class='ocr_line' id='line_1_9' title="bbox 73 1989 1102 2059; baseline -0.001 -12"><span class='ocrx_word' id='word_1_58' title='bbox 73 1989 266 2059; x_wconf 85' lang='grc' dir='ltr'><strong>ΤΡΟΦΟΣ]</strong></span> <span class='ocrx_word' id='word_1_59' title='bbox 284 1994 381 2056; x_wconf 89' lang='lat' dir='ltr'><strong>Anum,</strong></span> <span class='ocrx_word' id='word_1_60' title='bbox 391 2009 457 2055; x_wconf 85' lang='lat' dir='ltr'><strong>qnae</strong></span> <span class='ocrx_word' id='word_1_61' title='bbox 465 1994 569 2059; x_wconf 84' lang='lat' dir='ltr'><strong>prologi</strong></span> <span class='ocrx_word' id='word_1_62' title='bbox 619 2011 674 2044; x_wconf 86' lang='lat' dir='ltr'><strong>ram</strong></span> <span class='ocrx_word' id='word_1_63' title='bbox 695 1994 783 2044; x_wconf 84' lang='lat' dir='ltr'><strong>trabea</strong></span> <span class='ocrx_word' id='word_1_64' title='bbox 803 1995 873 2044; x_wconf 86' lang='lat' dir='ltr'><strong>Nece</strong></span> <span class='ocrx_word' id='word_1_65' title='bbox 893 1997 953 2045; x_wconf 83' lang='lat' dir='ltr'><strong>inde</strong></span> <span class='ocrx_word' id='word_1_66' title='bbox 974 1999 1045 2046; x_wconf 84' lang='lat' dir='ltr'><strong>navis</strong></span> <span class='ocrx_word' id='word_1_67' title='bbox 1064 2001 1102 2046; x_wconf 83' lang='lat' dir='ltr'><strong>in-</strong></span> 
     </span>
     <span class='ocr_line' id='line_1_10' title="bbox 53 2059 1102 2130; baseline 0.002 -18"><span class='ocrx_word' id='word_1_68' title='bbox 53 2076 145 2130; x_wconf 82' lang='lat' dir='ltr'><strong>partes</strong></span> <span class='ocrx_word' id='word_1_69' title='bbox 167 2065 200 2111; x_wconf 89' lang='lat' dir='ltr'><strong>in</strong></span> <span class='ocrx_word' id='word_1_70' title='bbox 222 2061 278 2110; x_wconf 86' lang='lat' dir='ltr'><strong>hac</strong></span> <span class='ocrx_word' id='word_1_71' title='bbox 296 2059 383 2109; x_wconf 80' lang='lat' dir='ltr'><strong>fabula</strong></span> <span class='ocrx_word' id='word_1_72' title='bbox 395 2063 523 2126; x_wconf 82' lang='lat' dir='ltr'><strong>suscepit,</strong></span> <span class='ocrx_word' id='word_1_73' title='bbox 542 2073 568 2110; x_wconf 87' lang='lat' dir='ltr'><strong>ut</strong></span> <span class='ocrx_word' id='word_1_74' title='bbox 619 2063 1102 2130; x_wconf 60' lang='lat' dir='ltr'><strong>cotandoeeaeordiamcoeperatque</strong></span> 
     </span>
     <span class='ocr_line' id='line_1_11' title="bbox 52 2128 1102 2196; baseline 0.003 -17"><span class='ocrx_word' id='word_1_75' title='bbox 52 2133 201 2181; x_wconf 77' lang='lat' dir='ltr'>auditores</span> <span class='ocrx_word' id='word_1_76' title='bbox 236 2128 362 2177; x_wconf 89' lang='lat' dir='ltr'><strong>edoceret</strong></span> <span class='ocrx_word' id='word_1_77' title='bbox 390 2144 430 2178; x_wconf 86' lang='lat' dir='ltr'><strong>res</strong></span> <span class='ocrx_word' id='word_1_78' title='bbox 453 2128 567 2186; x_wconf 85' lang='lat' dir='ltr'><strong>Medeae,</strong></span> <span class='ocrx_word' id='word_1_79' title='bbox 620 2133 1102 2196; x_wconf 73' lang='lat' dir='ltr'><strong>nancnominatarnomineArpo‚qaia</strong></span> 
     </span>
     <span class='ocr_line' id='line_1_12' title="bbox 54 2195 1102 2262; baseline 0 -14"><span class='ocrx_word' id='word_1_80' title='bbox 54 2201 130 2248; x_wconf 87' lang='lat' dir='ltr'><strong>cuins</strong></span> <span class='ocrx_word' id='word_1_81' title='bbox 156 2210 253 2247; x_wconf 84' lang='lat' dir='ltr'><strong>causa</strong></span> <span class='ocrx_word' id='word_1_82' title='bbox 276 2196 391 2244; x_wconf 81' lang='lat' dir='ltr'><strong>maxime</strong></span> <span class='ocrx_word' id='word_1_83' title='bbox 410 2195 458 2244; x_wconf 85' lang='lat' dir='ltr'><strong>hae</strong></span> <span class='ocrx_word' id='word_1_84' title='bbox 481 2195 568 2245; x_wconf 82' lang='lat' dir='ltr'><strong>fabula</strong></span> <span class='ocrx_word' id='word_1_85' title='bbox 619 2199 714 2262; x_wconf 74' lang='lat' dir='ltr'><strong>Arpini</strong></span> <span class='ocrx_word' id='word_1_86' title='bbox 723 2200 750 2246; x_wconf 85' lang='lat' dir='ltr'><strong>in</strong></span> <span class='ocrx_word' id='word_1_87' title='bbox 762 2213 794 2246; x_wconf 85' lang='lat' dir='ltr'><strong>ea</strong></span> <span class='ocrx_word' id='word_1_88' title='bbox 806 2198 898 2247; x_wconf 83' lang='lat' dir='ltr'><strong>delecti</strong></span> <span class='ocrx_word' id='word_1_89' title='bbox 908 2199 958 2247; x_wconf 83' lang='lat' dir='ltr'><strong>oiri</strong></span> <span class='ocrx_word' id='word_1_90' title='bbox 973 2199 1048 2247; x_wconf 83' lang='lat' dir='ltr'><strong>Vecti</strong></span> <span class='ocrx_word' id='word_1_91' title='bbox 1056 2215 1102 2262; x_wconf 85' lang='lat' dir='ltr'><strong>pe-</strong></span> 
     </span>
     <span class='ocr_line' id='line_1_13' title="bbox 54 2263 1102 2331; baseline 0 -16"><span class='ocrx_word' id='word_1_92' title='bbox 54 2268 161 2331; x_wconf 79' lang='lat' dir='ltr'><strong>agitur,</strong></span> <span class='ocrx_word' id='word_1_93' title='bbox 179 2277 242 2326; x_wconf 91' lang='lat' dir='ltr'><strong>quo</strong></span> <span class='ocrx_word' id='word_1_94' title='bbox 257 2272 330 2312; x_wconf 79' lang='lat' dir='ltr'><strong>statu</strong></span> <span class='ocrx_word' id='word_1_95' title='bbox 342 2263 392 2312; x_wconf 84' lang='lat' dir='ltr'><strong>iam</strong></span> <span class='ocrx_word' id='word_1_96' title='bbox 405 2264 430 2310; x_wconf 92' lang='lat' dir='ltr'><strong>in</strong></span> <span class='ocrx_word' id='word_1_97' title='bbox 443 2265 516 2312; x_wconf 90' lang='lat' dir='ltr'><strong>initio</strong></span> <span class='ocrx_word' id='word_1_98' title='bbox 528 2263 568 2312; x_wconf 81' lang='lat' dir='ltr'><strong>la·</strong></span> <span class='ocrx_word' id='word_1_99' title='bbox 619 2264 707 2314; x_wconf 77' lang='lat' dir='ltr'><strong>iebant</strong></span> <span class='ocrx_word' id='word_1_100' title='bbox 728 2267 819 2328; x_wconf 86' lang='lat' dir='ltr'><strong>pellem</strong></span> <span class='ocrx_word' id='word_1_101' title='bbox 842 2267 985 2314; x_wconf 81' lang='lat' dir='ltr'><em>inauratam</em></span> <span class='ocrx_word' id='word_1_102' title='bbox 1012 2269 1102 2315; x_wconf 80' lang='lat' dir='ltr'><strong>arietis</strong></span> 
     </span>
     <span class='ocr_line' id='line_1_14' title="bbox 53 2329 1103 2396; baseline 0 -13"><span class='ocrx_word' id='word_1_103' title='bbox 53 2334 132 2383; x_wconf 84' lang='lat' dir='ltr'><strong>balae</strong></span> <span class='ocrx_word' id='word_1_104' title='bbox 146 2341 260 2390; x_wconf 84' lang='lat' dir='ltr'><strong>essent,</strong></span> <span class='ocrx_word' id='word_1_105' title='bbox 275 2329 433 2391; x_wconf 74' lang='lat' dir='ltr'><strong>fueruntqui</strong></span> <span class='ocrx_word' id='word_1_106' title='bbox 446 2346 497 2379; x_wconf 93' lang='lat' dir='ltr'><strong>non</strong></span> <span class='ocrx_word' id='word_1_107' title='bbox 510 2346 569 2379; x_wconf 91' lang='lat' dir='ltr'><strong>nu·</strong></span> <span class='ocrx_word' id='word_1_108' title='bbox 622 2332 732 2391; x_wconf 76' lang='lat' dir='ltr'><strong>Colchis,</strong></span> <span class='ocrx_word' id='word_1_109' title='bbox 749 2334 855 2396; x_wconf 65' lang='lat' dir='ltr'><strong>imperio</strong></span> <span class='ocrx_word' id='word_1_110' title='bbox 872 2335 942 2394; x_wconf 72' lang='lat' dir='ltr'><strong>reple</strong></span> <span class='ocrx_word' id='word_1_111' title='bbox 954 2333 1041 2382; x_wconf 83' lang='lat' dir='ltr'><strong>Peliae</strong></span> <span class='ocrx_word' id='word_1_112' title='bbox 1053 2350 1103 2396; x_wconf 78' lang='lat' dir='ltr'><strong>per</strong></span> 
     </span>
     <span class='ocr_line' id='line_1_15' title="bbox 56 2397 1103 2463; baseline 0 -13"><span class='ocrx_word' id='word_1_113' title='bbox 56 2403 176 2450; x_wconf 83' lang='lat' dir='ltr'>tricem</span> <span class='ocrx_word' id='word_1_114' title='bbox 204 2399 241 2447; x_wconf 88' lang='lat' dir='ltr'><strong>ab</strong></span> <span class='ocrx_word' id='word_1_115' title='bbox 264 2398 326 2462; x_wconf 89' lang='lat' dir='ltr'><strong>ipso</strong></span> <span class='ocrx_word' id='word_1_116' title='bbox 348 2397 472 2462; x_wconf 85' lang='lat' dir='ltr'><strong>Euripide</strong></span> <span class='ocrx_word' id='word_1_117' title='bbox 491 2399 568 2448; x_wconf 88' lang='lat' dir='ltr'><strong>indu·</strong></span> <span class='ocrx_word' id='word_1_118' title='bbox 619 2402 710 2450; x_wconf 82' lang='lat' dir='ltr'><strong>dolam.</strong></span> <span class='ocrx_word' id='word_1_119' title='bbox 729 2400 794 2449; x_wconf 87' lang='lat' dir='ltr'><strong>Nam</strong></span> <span class='ocrx_word' id='word_1_120' title='bbox 806 2416 936 2463; x_wconf 81' lang='lat' dir='ltr'><strong>numquam</strong></span> <span class='ocrx_word' id='word_1_121' title='bbox 949 2415 997 2448; x_wconf 85' lang='lat' dir='ltr'><strong>era</strong></span> <span class='ocrx_word' id='word_1_122' title='bbox 1010 2416 1103 2450; x_wconf 73' lang='lat' dir='ltr'><strong>emuna</strong></span> 
     </span>
     <span class='ocr_line' id='line_1_16' title="bbox 57 2464 1102 2529; baseline -0.001 -12"><span class='ocrx_word' id='word_1_123' title='bbox 57 2480 140 2527; x_wconf 69' lang='lat' dir='ltr'><strong>anm,</strong></span> <span class='ocrx_word' id='word_1_124' title='bbox 171 2466 227 2515; x_wconf 84' lang='lat' dir='ltr'><strong>sed</strong></span> <span class='ocrx_word' id='word_1_125' title='bbox 252 2464 408 2513; x_wconf 86' lang='lat' dir='ltr'><strong>famulam</strong></span> <span class='ocrx_word' id='word_1_126' title='bbox 427 2466 567 2514; x_wconf 85' lang='lat' dir='ltr'><strong>vetulam</strong></span> <span class='ocrx_word' id='word_1_127' title='bbox 617 2482 674 2516; x_wconf 81' lang='lat' dir='ltr'><strong>ntea</strong></span> <span class='ocrx_word' id='word_1_128' title='bbox 699 2469 771 2517; x_wconf 74' lang='grc' dir='ltr'><em>ἀοηιο</em></span> <span class='ocrx_word' id='word_1_129' title='bbox 797 2467 910 2527; x_wconf 77' lang='lat' dir='ltr'><strong>ecferret</strong></span> <span class='ocrx_word' id='word_1_130' title='bbox 934 2468 1024 2529; x_wconf 83' lang='lat' dir='ltr'><strong>pedem</strong></span> <span class='ocrx_word' id='word_1_131' title='bbox 1045 2467 1102 2516; x_wconf 86' lang='lat' dir='ltr'><strong>Me·</strong></span> 
     </span>
     <span class='ocr_line' id='line_1_17' title="bbox 14 2533 1101 2598; baseline 0.006 -19"><span class='ocrx_word' id='word_1_132' title='bbox 14 2572 19 2579; x_wconf 95' lang='lat'><strong>.</strong></span> <span class='ocrx_word' id='word_1_133' title='bbox 57 2535 143 2585; x_wconf 82' lang='lat' dir='ltr'><strong>inisse</strong></span> <span class='ocrx_word' id='word_1_134' title='bbox 156 2533 366 2583; x_wconf 79' lang='lat' dir='ltr'><strong>existimarent:</strong></span> <span class='ocrx_word' id='word_1_135' title='bbox 385 2547 451 2593; x_wconf 86' lang='lat' dir='ltr'><strong>quae</strong></span> <span class='ocrx_word' id='word_1_136' title='bbox 468 2534 566 2597; x_wconf 90' lang='lat' dir='ltr'><strong>opinio,</strong></span> <span class='ocrx_word' id='word_1_137' title='bbox 618 2537 681 2594; x_wconf 82' lang='lat' dir='ltr'><strong>deo,</strong></span> <span class='ocrx_word' id='word_1_138' title='bbox 703 2536 787 2584; x_wconf 83' lang='lat' dir='ltr'><strong>animo</strong></span> <span class='ocrx_word' id='word_1_139' title='bbox 807 2549 900 2598; x_wconf 77' lang='lat' dir='ltr'><strong>acyra,</strong></span> <span class='ocrx_word' id='word_1_140' title='bbox 922 2549 1008 2585; x_wconf 81' lang='lat' dir='ltr'><strong>aurore</strong></span> <span class='ocrx_word' id='word_1_141' title='bbox 1025 2550 1101 2585; x_wconf 81' lang='lat' dir='ltr'><strong>saevo</strong></span> 
     </span>
     <span class='ocr_line' id='line_1_18' title="bbox 9 2599 1101 2667; baseline -0.001 -15"><span class='ocrx_word' id='word_1_142' title='bbox 9 2662 11 2667; x_wconf 28' lang='grc' dir='ltr'>Ι</span> <span class='ocrx_word' id='word_1_143' title='bbox 59 2615 233 2665; x_wconf 83' lang='lat' dir='ltr'><strong>quamquam</strong></span> <span class='ocrx_word' id='word_1_144' title='bbox 259 2614 303 2648; x_wconf 90' lang='lat' dir='ltr'><strong>res</strong></span> <span class='ocrx_word' id='word_1_145' title='bbox 333 2602 422 2664; x_wconf 78' lang='lat' dir='ltr'><strong>magni</strong></span> <span class='ocrx_word' id='word_1_146' title='bbox 445 2601 567 2649; x_wconf 88' lang='lat' dir='ltr'><strong>momenti</strong></span> <span class='ocrx_word' id='word_1_147' title='bbox 617 2604 714 2652; x_wconf 83' lang='lat' dir='ltr'><strong>saucia.</strong></span> <span class='ocrx_word' id='word_1_148' title='bbox 744 2599 817 2651; x_wconf 80' lang='lat' dir='ltr'><strong>Conl.</strong></span> <span class='ocrx_word' id='word_1_149' title='bbox 837 2599 865 2650; x_wconf 90' lang='lat'><strong>0.</strong></span> <span class='ocrx_word' id='word_1_150' title='bbox 884 2601 1022 2650; x_wconf 83' lang='lat' dir='ltr'><strong>Ribbeck</strong></span> <span class='ocrx_word' id='word_1_151' title='bbox 1039 2602 1101 2651; x_wconf 85' lang='lat' dir='ltr'><strong>Tra-</strong></span> 
     </span>
     <span class='ocr_line' id='line_1_19' title="bbox 9 2666 1103 2733; baseline -0.002 -14"><span class='ocrx_word' id='word_1_152' title='bbox 9 2676 11 2685; x_wconf 93' lang='lat'>&#39;</span> <span class='ocrx_word' id='word_1_153' title='bbox 60 2685 110 2719; x_wconf 91' lang='lat' dir='ltr'><strong>uon</strong></span> <span class='ocrx_word' id='word_1_154' title='bbox 130 2681 191 2726; x_wconf 88' lang='lat' dir='ltr'><strong>est,</strong></span> <span class='ocrx_word' id='word_1_155' title='bbox 222 2678 313 2716; x_wconf 75' lang='lat' dir='ltr'><strong>tamen</strong></span> <span class='ocrx_word' id='word_1_156' title='bbox 331 2667 394 2716; x_wconf 90' lang='lat' dir='ltr'><strong>mihi</strong></span> <span class='ocrx_word' id='word_1_157' title='bbox 412 2666 567 2717; x_wconf 80' lang='lat' dir='ltr'><strong>confutanda</strong></span> <span class='ocrx_word' id='word_1_158' title='bbox 618 2669 735 2732; x_wconf 82' lang='lat' dir='ltr'><strong>gioorum</strong></span> <span class='ocrx_word' id='word_1_159' title='bbox 752 2667 807 2720; x_wconf 90' lang='lat' dir='ltr'><strong>Lat.</strong></span> <span class='ocrx_word' id='word_1_160' title='bbox 825 2668 915 2730; x_wconf 81' lang='lat' dir='ltr'><strong>reliqu.</strong></span> <span class='ocrx_word' id='word_1_161' title='bbox 934 2684 961 2733; x_wconf 90' lang='lat' dir='ltr'><strong>p.</strong></span> <span class='ocrx_word' id='word_1_162' title='bbox 974 2670 1007 2719; x_wconf 87' lang='grc'><strong>36</strong></span> <span class='ocrx_word' id='word_1_163' title='bbox 1020 2685 1060 2730; x_wconf 85' lang='lat' dir='ltr'><strong>sq.</strong></span> <span class='ocrx_word' id='word_1_164' title='bbox 1079 2680 1103 2718; x_wconf 91' lang='lat' dir='ltr'><strong>et</strong></span> 
     </span>
     <span class='ocr_line' id='line_1_20' title="bbox 60 2732 1102 2800; baseline -0.003 -13"><span class='ocrx_word' id='word_1_165' title='bbox 60 2753 117 2787; x_wconf 83' lang='lat' dir='ltr'><strong>esse</strong></span> <span class='ocrx_word' id='word_1_166' title='bbox 143 2736 272 2786; x_wconf 86' lang='lat' dir='ltr'><strong>videtur.</strong></span> <span class='ocrx_word' id='word_1_167' title='bbox 310 2732 376 2783; x_wconf 90' lang='lat' dir='ltr'><strong>Nam</strong></span> <span class='ocrx_word' id='word_1_168' title='bbox 397 2745 422 2784; x_wconf 87' lang='lat' dir='ltr'><strong>et</strong></span> <span class='ocrx_word' id='word_1_169' title='bbox 445 2749 486 2784; x_wconf 89' lang='lat' dir='ltr'><strong>res</strong></span> <span class='ocrx_word' id='word_1_170' title='bbox 508 2739 567 2800; x_wconf 86' lang='lat' dir='ltr'><strong>ipsa</strong></span> <span class='ocrx_word' id='word_1_171' title='bbox 617 2735 795 2787; x_wconf 86' lang='lat' dir='ltr'><strong>Io.Vablen</strong></span> <span class='ocrx_word' id='word_1_172' title='bbox 813 2735 945 2784; x_wconf 83' lang='lat' dir='ltr'><strong>Ennianae</strong></span> <span class='ocrx_word' id='word_1_173' title='bbox 957 2737 1045 2800; x_wconf 85' lang='lat' dir='ltr'><strong>poesis</strong></span> <span class='ocrx_word' id='word_1_174' title='bbox 1062 2751 1102 2784; x_wconf 90' lang='lat' dir='ltr'><strong>re-</strong></span> 
     </span>
     <span class='ocr_line' id='line_1_21' title="bbox 61 2801 1101 2866; baseline -0.002 -12"><span class='ocrx_word' id='word_1_175' title='bbox 61 2806 136 2854; x_wconf 82' lang='lat' dir='ltr'><strong>ducet</strong></span> <span class='ocrx_word' id='word_1_176' title='bbox 159 2819 229 2853; x_wconf 69' lang='lat' dir='ltr'><strong>esse</strong></span> <span class='ocrx_word' id='word_1_177' title='bbox 255 2803 312 2850; x_wconf 90' lang='lat' dir='ltr'><strong>eius</strong></span> <span class='ocrx_word' id='word_1_178' title='bbox 342 2802 411 2851; x_wconf 90' lang='lat' dir='ltr'><strong>modi</strong></span> <span class='ocrx_word' id='word_1_179' title='bbox 436 2801 567 2851; x_wconf 85' lang='lat' dir='ltr'><strong>mulierem</strong></span> <span class='ocrx_word' id='word_1_180' title='bbox 618 2803 680 2864; x_wconf 91' lang='lat' dir='ltr'><strong>liqu.</strong></span> <span class='ocrx_word' id='word_1_181' title='bbox 693 2817 720 2866; x_wconf 90' lang='lat' dir='ltr'><strong>p.</strong></span> <span class='ocrx_word' id='word_1_182' title='bbox 735 2805 784 2852; x_wconf 84' lang='grc'><strong>124</strong></span> <span class='ocrx_word' id='word_1_183' title='bbox 797 2818 835 2864; x_wconf 90' lang='lat' dir='ltr'><strong>sq.</strong></span> <span class='ocrx_word' id='word_1_184' title='bbox 861 2803 959 2852; x_wconf 83' lang='lat' dir='ltr'><strong>Ennius</strong></span> <span class='ocrx_word' id='word_1_185' title='bbox 973 2803 1044 2864; x_wconf 89' lang='lat' dir='ltr'><strong>qnod</strong></span> <span class='ocrx_word' id='word_1_186' title='bbox 1056 2819 1101 2852; x_wconf 84' lang='lat' dir='ltr'><strong>na-</strong></span> 
     </span>
     <span class='ocr_line' id='line_1_22' title="bbox 63 2868 1101 2935; baseline -0.003 -13"><span class='ocrx_word' id='word_1_187' title='bbox 63 2887 128 2934; x_wconf 87' lang='lat' dir='ltr'><strong>quae</strong></span> <span class='ocrx_word' id='word_1_188' title='bbox 153 2885 251 2920; x_wconf 88' lang='lat' dir='ltr'><strong>mores</strong></span> <span class='ocrx_word' id='word_1_189' title='bbox 279 2868 383 2918; x_wconf 87' lang='lat' dir='ltr'><strong>Medeae</strong></span> <span class='ocrx_word' id='word_1_190' title='bbox 410 2869 485 2933; x_wconf 88' lang='lat' dir='ltr'><strong>piane</strong></span> <span class='ocrx_word' id='word_1_191' title='bbox 508 2885 568 2935; x_wconf 87' lang='lat' dir='ltr'><strong>per·</strong></span> <span class='ocrx_word' id='word_1_192' title='bbox 618 2870 728 2918; x_wconf 83' lang='lat' dir='ltr'><strong>turalem</strong></span> <span class='ocrx_word' id='word_1_193' title='bbox 746 2884 831 2917; x_wconf 88' lang='lat' dir='ltr'><strong>rerum</strong></span> <span class='ocrx_word' id='word_1_194' title='bbox 848 2872 963 2918; x_wconf 81' lang='lat' dir='ltr'><strong>ordinem</strong></span> <span class='ocrx_word' id='word_1_195' title='bbox 981 2872 1101 2929; x_wconf 88' lang='lat' dir='ltr'><strong>restituit,</strong></span> 
     </span>
     <span class='ocr_line' id='line_1_23' title="bbox 64 2935 1101 3004; baseline -0.004 -16"><span class='ocrx_word' id='word_1_196' title='bbox 64 2952 172 3004; x_wconf 82' lang='lat' dir='ltr'><strong>spectas</strong></span> <span class='ocrx_word' id='word_1_197' title='bbox 188 2938 316 2986; x_wconf 87' lang='lat' dir='ltr'><strong>habuerit</strong></span> <span class='ocrx_word' id='word_1_198' title='bbox 333 2946 358 2985; x_wconf 89' lang='lat' dir='ltr'><strong>et</strong></span> <span class='ocrx_word' id='word_1_199' title='bbox 373 2935 443 2984; x_wconf 83' lang='lat' dir='ltr'><strong>fama</strong></span> <span class='ocrx_word' id='word_1_200' title='bbox 456 2938 568 2998; x_wconf 85' lang='lat' dir='ltr'><strong>antiqui·</strong></span> <span class='ocrx_word' id='word_1_201' title='bbox 618 2938 675 2985; x_wconf 90' lang='lat' dir='ltr'><strong>sine</strong></span> <span class='ocrx_word' id='word_1_202' title='bbox 687 2936 766 2983; x_wconf 90' lang='lat' dir='ltr'><strong>dubio</strong></span> <span class='ocrx_word' id='word_1_203' title='bbox 780 2949 831 2982; x_wconf 89' lang='lat' dir='ltr'><strong>non</strong></span> <span class='ocrx_word' id='word_1_204' title='bbox 849 2936 985 2984; x_wconf 87' lang='lat' dir='ltr'><strong>emendare</strong></span> <span class='ocrx_word' id='word_1_205' title='bbox 999 2936 1101 3000; x_wconf 81' lang='lat' dir='ltr'><strong>Euripi-</strong></span> 
     </span>
     <span class='ocr_line' id='line_1_24' title="bbox 66 3001 1101 3068; baseline -0.006 -12"><span class='ocrx_word' id='word_1_206' title='bbox 66 3020 103 3055; x_wconf 82' lang='lat' dir='ltr'><strong>tns</strong></span> <span class='ocrx_word' id='word_1_207' title='bbox 121 3006 229 3055; x_wconf 84' lang='lat' dir='ltr'><strong>tradita</strong></span> <span class='ocrx_word' id='word_1_208' title='bbox 248 3003 302 3052; x_wconf 90' lang='lat' dir='ltr'><strong>hoc</strong></span> <span class='ocrx_word' id='word_1_209' title='bbox 323 3004 390 3053; x_wconf 91' lang='lat' dir='ltr'><strong>idem</strong></span> <span class='ocrx_word' id='word_1_210' title='bbox 408 3006 566 3068; x_wconf 84' lang='lat' dir='ltr'><strong>comprobat.</strong></span> <span class='ocrx_word' id='word_1_211' title='bbox 618 3003 658 3053; x_wconf 89' lang='lat' dir='ltr'><strong>dis</strong></span> <span class='ocrx_word' id='word_1_212' title='bbox 677 3003 833 3059; x_wconf 89' lang='lat' dir='ltr'><strong>orationem,</strong></span> <span class='ocrx_word' id='word_1_213' title='bbox 851 3003 897 3050; x_wconf 89' lang='lat' dir='ltr'><strong>sed</strong></span> <span class='ocrx_word' id='word_1_214' title='bbox 913 3001 1038 3052; x_wconf 83' lang='lat' dir='ltr'><strong>Romanis</strong></span> <span class='ocrx_word' id='word_1_215' title='bbox 1053 3002 1101 3051; x_wconf 93' lang='lat' dir='ltr'><strong>ho-</strong></span> 
     </span>
     <span class='ocr_line' id='line_1_25' title="bbox 66 3068 1101 3136; baseline -0.002 -15"><span class='ocrx_word' id='word_1_216' title='bbox 66 3074 169 3123; x_wconf 82' lang='lat' dir='ltr'><strong>lltenim</strong></span> <span class='ocrx_word' id='word_1_217' title='bbox 194 3074 251 3121; x_wconf 81' lang='lat' dir='ltr'><strong>iam</strong></span> <span class='ocrx_word' id='word_1_218' title='bbox 276 3086 291 3119; x_wconf 86' lang='lat' dir='ltr'><strong>a</strong></span> <span class='ocrx_word' id='word_1_219' title='bbox 312 3072 485 3134; x_wconf 81' lang='lat' dir='ltr'><strong>grammaticis</strong></span> <span class='ocrx_word' id='word_1_220' title='bbox 507 3071 567 3120; x_wconf 82' lang='lat' dir='ltr'><strong>Ale·</strong></span> <span class='ocrx_word' id='word_1_221' title='bbox 618 3070 732 3118; x_wconf 89' lang='lat' dir='ltr'><strong>minibus</strong></span> <span class='ocrx_word' id='word_1_222' title='bbox 750 3068 889 3118; x_wconf 79' lang='lat' dir='ltr'><strong>faciliorem</strong></span> <span class='ocrx_word' id='word_1_223' title='bbox 903 3071 937 3119; x_wconf 86' lang='lat' dir='ltr'><strong>ad</strong></span> <span class='ocrx_word' id='word_1_224' title='bbox 952 3070 1101 3136; x_wconf 81' lang='lat' dir='ltr'><strong>intellegen-</strong></span> 
     </span>
     <span class='ocr_line' id='line_1_26' title="bbox 66 3136 1100 3203; baseline -0.003 -12"><span class='ocrx_word' id='word_1_225' title='bbox 66 3142 210 3191; x_wconf 82' lang='lat' dir='ltr'><strong>mndrinis</strong></span> <span class='ocrx_word' id='word_1_226' title='bbox 231 3136 346 3203; x_wconf 77' lang='grc' dir='ltr'><strong>τροφοῦ</strong></span> <span class='ocrx_word' id='word_1_227' title='bbox 367 3137 566 3203; x_wconf 84' lang='lat' dir='ltr'><strong>appeliationem</strong></span> <span class='ocrx_word' id='word_1_228' title='bbox 617 3138 679 3188; x_wconf 88' lang='lat' dir='ltr'><strong>dum</strong></span> <span class='ocrx_word' id='word_1_229' title='bbox 700 3137 805 3187; x_wconf 90' lang='lat' dir='ltr'><strong>reddere</strong></span> <span class='ocrx_word' id='word_1_230' title='bbox 822 3137 910 3189; x_wconf 91' lang='lat' dir='ltr'><strong>voluit.</strong></span> <span class='ocrx_word' id='word_1_231' title='bbox 945 3138 1002 3187; x_wconf 85' lang='lat' dir='ltr'><strong>Alio</strong></span> <span class='ocrx_word' id='word_1_232' title='bbox 1023 3139 1100 3188; x_wconf 92' lang='lat' dir='ltr'><strong>modo</strong></span> 
     </span>
     <span class='ocr_line' id='line_1_27' title="bbox 66 3205 1100 3271; baseline 0 -15"><span class='ocrx_word' id='word_1_233' title='bbox 66 3207 269 3258; x_wconf 83' lang='lat' dir='ltr'><strong>edidascalicis</strong></span> <span class='ocrx_word' id='word_1_234' title='bbox 278 3206 384 3270; x_wconf 87' lang='lat' dir='ltr'><strong>petitam</strong></span> <span class='ocrx_word' id='word_1_235' title='bbox 393 3205 475 3255; x_wconf 82' lang='lat' dir='ltr'><strong>faisse</strong></span> <span class='ocrx_word' id='word_1_236' title='bbox 487 3220 566 3268; x_wconf 88' lang='lat' dir='ltr'><strong>quum</strong></span> <span class='ocrx_word' id='word_1_237' title='bbox 618 3205 686 3254; x_wconf 89' lang='lat' dir='ltr'><strong>hunc</strong></span> <span class='ocrx_word' id='word_1_238' title='bbox 699 3206 782 3253; x_wconf 88' lang='lat' dir='ltr'><strong>iocum</strong></span> <span class='ocrx_word' id='word_1_239' title='bbox 791 3205 1100 3271; x_wconf 85' lang='lat' dir='ltr'><strong>descripsitPlraedrus</strong></span> 
     </span>
     <span class='ocr_line' id='line_1_28' title="bbox 66 3271 1102 3341; baseline -0.003 -16"><span class='ocrx_word' id='word_1_240' title='bbox 66 3277 144 3325; x_wconf 88' lang='lat' dir='ltr'><strong>iudex</strong></span> <span class='ocrx_word' id='word_1_241' title='bbox 158 3287 342 3341; x_wconf 88' lang='lat' dir='ltr'><strong>personarum</strong></span> <span class='ocrx_word' id='word_1_242' title='bbox 360 3284 414 3322; x_wconf 87' lang='lat' dir='ltr'><strong>tum</strong></span> <span class='ocrx_word' id='word_1_243' title='bbox 428 3271 458 3331; x_wconf 83' lang='lat' dir='ltr'><strong>Q.</strong></span> <span class='ocrx_word' id='word_1_244' title='bbox 470 3273 567 3321; x_wconf 87' lang='lat' dir='ltr'><strong>Ennii</strong></span> <span class='ocrx_word' id='word_1_245' title='bbox 617 3272 669 3325; x_wconf 84' lang='lat' dir='ltr'><strong>lab.</strong></span> <span class='ocrx_word' id='word_1_246' title='bbox 680 3273 735 3330; x_wconf 91' lang='lat' dir='ltr'><strong>llll,</strong></span> <span class='ocrx_word' id='word_1_247' title='bbox 749 3275 773 3331; x_wconf 78' lang='lat' dir='ltr'><strong>t,</strong></span> <span class='ocrx_word' id='word_1_248' title='bbox 787 3274 871 3335; x_wconf 78' lang='lat' dir='ltr'><strong>bsqq.</strong></span> <span class='ocrx_word' id='word_1_249' title='bbox 890 3273 927 3322; x_wconf 89' lang='lat' dir='ltr'><strong>De</strong></span> <span class='ocrx_word' id='word_1_250' title='bbox 936 3275 1022 3332; x_wconf 86' lang='lat' dir='ltr'><strong>rebus,</strong></span> <span class='ocrx_word' id='word_1_251' title='bbox 1035 3290 1102 3336; x_wconf 88' lang='lat' dir='ltr'><strong>quae</strong></span> 
     </span>
     <span class='ocr_line' id='line_1_29' title="bbox 67 3339 1101 3404; baseline -0.002 -12"><span class='ocrx_word' id='word_1_252' title='bbox 67 3342 157 3392; x_wconf 81' lang='lat' dir='ltr'><strong>Medea</strong></span> <span class='ocrx_word' id='word_1_253' title='bbox 187 3342 284 3396; x_wconf 87' lang='lat' dir='ltr'><strong>docet.</strong></span> <span class='ocrx_word' id='word_1_254' title='bbox 309 3341 378 3389; x_wconf 87' lang='lat' dir='ltr'><strong>unde</strong></span> <span class='ocrx_word' id='word_1_255' title='bbox 399 3339 435 3392; x_wconf 88' lang='lat' dir='ltr'><strong>M.</strong></span> <span class='ocrx_word' id='word_1_256' title='bbox 455 3339 565 3390; x_wconf 78' lang='lat' dir='ltr'><strong>Cicero</strong></span> <span class='ocrx_word' id='word_1_257' title='bbox 617 3340 1101 3404; x_wconf 83' lang='lat' dir='ltr'><strong>hicbrevitercommemorantur,con-</strong></span> 
     </span>
     <span class='ocr_line' id='line_1_30' title="bbox 67 3407 1100 3476; baseline -0.003 -17"><span class='ocrx_word' id='word_1_258' title='bbox 67 3409 142 3476; x_wconf 81' lang='lat' dir='ltr'><strong>Disp.</strong></span> <span class='ocrx_word' id='word_1_259' title='bbox 156 3410 242 3460; x_wconf 88' lang='lat' dir='ltr'><strong>Tusc.</strong></span> <span class='ocrx_word' id='word_1_260' title='bbox 258 3407 301 3462; x_wconf 87' lang='lat'><strong>111.</strong></span> <span class='ocrx_word' id='word_1_261' title='bbox 314 3408 357 3466; x_wconf 87' lang='grc'><strong>26,</strong></span> <span class='ocrx_word' id='word_1_262' title='bbox 370 3409 412 3460; x_wconf 85' lang='grc'><strong>63.</strong></span> <span class='ocrx_word' id='word_1_263' title='bbox 426 3409 565 3457; x_wconf 84' lang='lat' dir='ltr'><strong>nutricis</strong></span> <span class='ocrx_word' id='word_1_264' title='bbox 616 3407 677 3456; x_wconf 82' lang='lat' dir='ltr'><strong>ferri</strong></span> <span class='ocrx_word' id='word_1_265' title='bbox 688 3408 1029 3473; x_wconf 81' lang='lat' dir='ltr'><strong>possuntApollodorus</strong></span> <span class='ocrx_word' id='word_1_266' title='bbox 1040 3409 1100 3458; x_wconf 94' lang='lat' dir='ltr'><strong>bibl.</strong></span> 
     </span>
     <span class='ocr_line' id='line_1_31' title="bbox 66 3474 1101 3544; baseline -0.003 -18"><span class='ocrx_word' id='word_1_267' title='bbox 66 3478 278 3544; x_wconf 71' lang='lat' dir='ltr'><strong>appellationem</strong></span> <span class='ocrx_word' id='word_1_268' title='bbox 312 3485 453 3540; x_wconf 83' lang='lat' dir='ltr'><strong>aeceperet.</strong></span> <span class='ocrx_word' id='word_1_269' title='bbox 500 3475 566 3524; x_wconf 91' lang='lat' dir='ltr'><strong>Vide</strong></span> <span class='ocrx_word' id='word_1_270' title='bbox 617 3475 641 3533; x_wconf 91' lang='grc' dir='ltr'><strong>Ι,</strong></span> <span class='ocrx_word' id='word_1_271' title='bbox 668 3477 697 3534; x_wconf 87' lang='grc'><strong>9,</strong></span> <span class='ocrx_word' id='word_1_272' title='bbox 730 3477 762 3526; x_wconf 84' lang='grc'><strong>16</strong></span> <span class='ocrx_word' id='word_1_273' title='bbox 787 3491 844 3536; x_wconf 87' lang='lat' dir='ltr'><strong>sqq.</strong></span> <span class='ocrx_word' id='word_1_274' title='bbox 887 3474 1019 3525; x_wconf 87' lang='lat' dir='ltr'><strong>Ovidius</strong></span> <span class='ocrx_word' id='word_1_275' title='bbox 1047 3475 1101 3534; x_wconf 89' lang='lat' dir='ltr'><strong>Me-</strong></span> 
     </span>
     <span class='ocr_line' id='line_1_32' title="bbox 67 3541 1100 3607; baseline -0.001 -12"><span class='ocrx_word' id='word_1_276' title='bbox 67 3561 133 3607; x_wconf 80' lang='lat' dir='ltr'><strong>quae</strong></span> <span class='ocrx_word' id='word_1_277' title='bbox 146 3544 223 3594; x_wconf 83' lang='lat' dir='ltr'><strong>infra</strong></span> <span class='ocrx_word' id='word_1_278' title='bbox 235 3541 387 3592; x_wconf 75' lang='lat' dir='ltr'><strong>adferentur</strong></span> <span class='ocrx_word' id='word_1_279' title='bbox 402 3544 436 3592; x_wconf 90' lang='lat' dir='ltr'><strong>ad</strong></span> <span class='ocrx_word' id='word_1_280' title='bbox 449 3557 472 3590; x_wconf 90' lang='lat' dir='ltr'><strong>v.</strong></span> <span class='ocrx_word' id='word_1_281' title='bbox 486 3544 528 3593; x_wconf 82' lang='lat'><strong>49.</strong></span> <span class='ocrx_word' id='word_1_282' title='bbox 543 3553 567 3591; x_wconf 90' lang='lat' dir='ltr'><strong>et</strong></span> <span class='ocrx_word' id='word_1_283' title='bbox 616 3553 679 3592; x_wconf 88' lang='lat' dir='ltr'><strong>tam.</strong></span> <span class='ocrx_word' id='word_1_284' title='bbox 692 3542 748 3595; x_wconf 87' lang='lat' dir='ltr'><strong>Vll.</strong></span> <span class='ocrx_word' id='word_1_285' title='bbox 764 3545 777 3590; x_wconf 90' lang='lat'>1</span> <span class='ocrx_word' id='word_1_286' title='bbox 795 3557 852 3603; x_wconf 90' lang='lat' dir='ltr'><strong>sqq.</strong></span> <span class='ocrx_word' id='word_1_287' title='bbox 885 3542 1032 3604; x_wconf 86' lang='lat' dir='ltr'><strong>Hyginus</strong></span> <span class='ocrx_word' id='word_1_288' title='bbox 1048 3541 1100 3594; x_wconf 82' lang='lat' dir='ltr'><strong>fab.</strong></span> 
     </span>
     <span class='ocr_line' id='line_1_33' title="bbox 67 3600 1100 3665; baseline -0.001 -3"><span class='ocrx_word' id='word_1_289' title='bbox 67 3613 201 3665; x_wconf 56' lang='lat' dir='ltr'><strong>socae.</strong></span> <span class='ocrx_word' id='word_1_290' title='bbox 616 3600 1100 3661; x_wconf 74' lang='lat' dir='ltr'><strong>xxi-xm.01.rau.111.-nto&#39;</strong></span> 
     </span>
    </p>

    <p class='ocr_par' dir='ltr' id='par_1_5' title="bbox 69 3666 1143 4144">
     <span class='ocr_line' id='line_1_34' title="bbox 99 3666 1101 3758; baseline -0.001 -30"><span class='ocrx_word' id='word_1_291' title='bbox 99 3681 133 3730; x_wconf 91' lang='lat' dir='ltr'><strong>V.</strong></span> <span class='ocrx_word' id='word_1_292' title='bbox 153 3681 169 3729; x_wconf 86' lang='lat'><em>1</em></span> <span class='ocrx_word' id='word_1_293' title='bbox 190 3694 254 3740; x_wconf 92' lang='lat' dir='ltr'><strong>sqq.</strong></span> <span class='ocrx_word' id='word_1_294' title='bbox 284 3676 443 3741; x_wconf 86' lang='lat' dir='ltr'><strong>Principium</strong></span> <span class='ocrx_word' id='word_1_295' title='bbox 464 3675 565 3725; x_wconf 79' lang='lat' dir='ltr'><strong>fabulae</strong></span> <span class='ocrx_word' id='word_1_296' title='bbox 615 3666 868 3742; x_wconf 74' lang='grc' dir='ltr'><strong><em>ὤφελ”Αργούς</em></strong></span> <span class='ocrx_word' id='word_1_297' title='bbox 882 3668 930 3758; x_wconf 64' lang='grc' dir='ltr'><strong>μὴ</strong></span> <span class='ocrx_word' id='word_1_298' title='bbox 949 3669 1101 3728; x_wconf 77' lang='grc' dir='ltr'><strong><em>διαπτά-</em></strong></span> 
     </span>
     <span class='ocr_line' id='line_1_35' title="bbox 69 3736 1101 3812; baseline -0.001 -16"><span class='ocrx_word' id='word_1_299' title='bbox 69 3748 104 3796; x_wconf 77' lang='lat' dir='ltr'><strong>aic</strong></span> <span class='ocrx_word' id='word_1_300' title='bbox 126 3745 270 3812; x_wconf 86' lang='lat' dir='ltr'><strong>expressit</strong></span> <span class='ocrx_word' id='word_1_301' title='bbox 286 3743 408 3792; x_wconf 85' lang='lat' dir='ltr'><strong>Ennius</strong></span> <span class='ocrx_word' id='word_1_302' title='bbox 429 3744 498 3808; x_wconf 92' lang='lat' dir='ltr'><strong>apud</strong></span> <span class='ocrx_word' id='word_1_303' title='bbox 515 3741 564 3792; x_wconf 83' lang='lat' dir='ltr'><strong>Gi·</strong></span> <span class='ocrx_word' id='word_1_304' title='bbox 616 3736 1101 3808; x_wconf 69' lang='grc' dir='ltr'><strong><em>σθαισκάφοςΓΑργοῦςσκά-</em></strong></span> 
     </span>
     <span class='ocr_line' id='line_1_36' title="bbox 69 3809 1100 3875; baseline 0 -13"><span class='ocrx_word' id='word_1_305' title='bbox 69 3829 220 3864; x_wconf 78' lang='lat' dir='ltr'><strong>aaronem</strong></span> <span class='ocrx_word' id='word_1_306' title='bbox 245 3811 279 3861; x_wconf 88' lang='lat' dir='ltr'><strong>ad</strong></span> <span class='ocrx_word' id='word_1_307' title='bbox 300 3809 328 3860; x_wconf 83' lang='lat' dir='ltr'><strong>G.</strong></span> <span class='ocrx_word' id='word_1_308' title='bbox 346 3810 455 3861; x_wconf 87' lang='lat' dir='ltr'><strong>Herenn.</strong></span> <span class='ocrx_word' id='word_1_309' title='bbox 472 3811 503 3860; x_wconf 93' lang='lat' dir='ltr'><strong>ll.</strong></span> <span class='ocrx_word' id='word_1_310' title='bbox 521 3811 563 3868; x_wconf 87' lang='grc'><strong>22,</strong></span> <span class='ocrx_word' id='word_1_311' title='bbox 616 3825 680 3874; x_wconf 70' lang='lat' dir='ltr'><strong>aas</strong></span> <span class='ocrx_word' id='word_1_312' title='bbox 706 3810 962 3875; x_wconf 69' lang='lat' dir='ltr'><strong>aeptppaoacudg’.</strong></span> <span class='ocrx_word' id='word_1_313' title='bbox 1001 3810 1100 3862; x_wconf 89' lang='lat' dir='ltr'><strong>Scho—</strong></span> 
     </span>
     <span class='ocr_line' id='line_1_37' title="bbox 70 3877 1099 3933; baseline -0.005 0"><span class='ocrx_word' id='word_1_314' title='bbox 70 3884 109 3933; x_wconf 70' lang='grc'><strong>89.</strong></span> <span class='ocrx_word' id='word_1_315' title='bbox 135 3877 564 3932; x_wconf 83' lang='lat' dir='ltr'><strong>cl.PrisoianodemetrisTe·</strong></span> <span class='ocrx_word' id='word_1_316' title='bbox 616 3878 739 3927; x_wconf 85' lang='lat' dir='ltr'><strong>liastes.</strong></span> <span class='ocrx_word' id='word_1_317' title='bbox 766 3877 887 3928; x_wconf 89' lang='lat' dir='ltr'><strong>Similiter</strong></span> <span class='ocrx_word' id='word_1_318' title='bbox 904 3879 1065 3928; x_wconf 85' lang='lat' dir='ltr'><strong>Phaedrus</strong></span> <span class='ocrx_word' id='word_1_319' title='bbox 1083 3880 1099 3929; x_wconf 93' lang='lat' dir='ltr'><strong>l.</strong></span> 
     </span>
     <span class='ocr_line' id='line_1_38' title="bbox 71 3945 1102 4014; baseline -0.006 -15"><span class='ocrx_word' id='word_1_320' title='bbox 71 3951 144 3999; x_wconf 86' lang='lat' dir='ltr'><strong>rentii</strong></span> <span class='ocrx_word' id='word_1_321' title='bbox 159 3964 190 4014; x_wconf 90' lang='lat' dir='ltr'><strong>p.</strong></span> <span class='ocrx_word' id='word_1_322' title='bbox 204 3949 267 3999; x_wconf 86' lang='grc'><strong>424.</strong></span> <span class='ocrx_word' id='word_1_323' title='bbox 283 3946 324 4000; x_wconf 88' lang='lat' dir='ltr'><strong>ed.</strong></span> <span class='ocrx_word' id='word_1_324' title='bbox 343 3945 428 3995; x_wconf 84' lang='lat' dir='ltr'><strong>Hertz.</strong></span> <span class='ocrx_word' id='word_1_325' title='bbox 463 3945 565 3996; x_wconf 82' lang='lat' dir='ltr'><strong>Utinam</strong></span> <span class='ocrx_word' id='word_1_326' title='bbox 616 3961 638 3998; x_wconf 86' lang='lat' dir='ltr'><strong>c.</strong></span> <span class='ocrx_word' id='word_1_327' title='bbox 652 3961 676 3996; x_wconf 91' lang='lat' dir='ltr'><strong>v.</strong></span> <span class='ocrx_word' id='word_1_328' title='bbox 690 3947 713 3995; x_wconf 82' lang='lat'><strong>9.</strong></span> <span class='ocrx_word' id='word_1_329' title='bbox 731 3946 808 3994; x_wconf 80' lang='lat' dir='ltr'><strong>dixit:</strong></span> <span class='ocrx_word' id='word_1_330' title='bbox 833 3962 880 3996; x_wconf 84' lang='lat' dir='ltr'><strong>nec</strong></span> <span class='ocrx_word' id='word_1_331' title='bbox 897 3973 928 3980; x_wconf 95' lang='lat'>—</span> <span class='ocrx_word' id='word_1_332' title='bbox 945 3946 1102 4007; x_wconf 67' lang='lat' dir='ltr'><strong>fabricasset</strong></span> 
     </span>
     <span class='ocr_line' id='line_1_39' title="bbox 72 4012 1099 4078; baseline -0.006 -11"><span class='ocrx_word' id='word_1_333' title='bbox 72 4032 101 4067; x_wconf 77' lang='lat' dir='ltr'><strong>ae</strong></span> <span class='ocrx_word' id='word_1_334' title='bbox 128 4020 158 4068; x_wconf 79' lang='lat' dir='ltr'><strong>ta</strong></span> <span class='ocrx_word' id='word_1_335' title='bbox 191 4028 298 4066; x_wconf 84' lang='lat' dir='ltr'><strong>nemore</strong></span> <span class='ocrx_word' id='word_1_336' title='bbox 332 4012 405 4064; x_wconf 81' lang='lat' dir='ltr'><strong>Pelio</strong></span> <span class='ocrx_word' id='word_1_337' title='bbox 434 4013 564 4063; x_wconf 78' lang='lat' dir='ltr'><strong>securibus</strong></span> <span class='ocrx_word' id='word_1_338' title='bbox 616 4012 704 4076; x_wconf 67' lang='lat' dir='ltr'><strong>Argus</strong></span> <span class='ocrx_word' id='word_1_339' title='bbox 741 4029 820 4078; x_wconf 84' lang='lat' dir='ltr'><strong>opere</strong></span> <span class='ocrx_word' id='word_1_340' title='bbox 854 4015 973 4064; x_wconf 78' lang='lat' dir='ltr'><strong>Palladio</strong></span> <span class='ocrx_word' id='word_1_341' title='bbox 1010 4021 1099 4070; x_wconf 75' lang='lat' dir='ltr'><strong>roten,</strong></span> 
     </span>
     <span class='ocr_line' id='line_1_40' title="bbox 74 4078 1143 4144; baseline -0.01 -8"><span class='ocrx_word' id='word_1_342' title='bbox 74 4082 155 4135; x_wconf 74' lang='lat' dir='ltr'><strong>(laeta</strong></span> <span class='ocrx_word' id='word_1_343' title='bbox 173 4083 318 4134; x_wconf 74' lang='lat' dir='ltr'><strong>accidisset</strong></span> <span class='ocrx_word' id='word_1_344' title='bbox 337 4080 446 4144; x_wconf 71' lang='lat' dir='ltr'><strong>ablepaa</strong></span> <span class='ocrx_word' id='word_1_345' title='bbox 461 4082 497 4130; x_wconf 82' lang='lat' dir='ltr'><strong>ad</strong></span> <span class='ocrx_word' id='word_1_346' title='bbox 511 4087 564 4130; x_wconf 80' lang='lat' dir='ltr'><strong>ter·</strong></span> <span class='ocrx_word' id='word_1_347' title='bbox 616 4081 757 4142; x_wconf 87' lang='lat' dir='ltr'><strong>eodemque</strong></span> <span class='ocrx_word' id='word_1_348' title='bbox 789 4079 842 4130; x_wconf 83' lang='lat' dir='ltr'><strong>lere</strong></span> <span class='ocrx_word' id='word_1_349' title='bbox 874 4084 951 4129; x_wconf 86' lang='lat' dir='ltr'><strong>modo</strong></span> <span class='ocrx_word' id='word_1_350' title='bbox 979 4078 1047 4127; x_wconf 83' lang='lat' dir='ltr'><strong>inira</strong></span> <span class='ocrx_word' id='word_1_351' title='bbox 1074 4092 1100 4127; x_wconf 86' lang='lat' dir='ltr'><strong>v.</strong></span> <span class='ocrx_word' id='word_1_352' title='bbox 1138 4078 1143 4084; x_wconf 84' lang='lat'><strong><em>&#39;</em></strong></span> 
     </span>
    </p>
   </div>
   <div class='ocr_carea' id='block_1_5' title="bbox 0 0 1325 4574">
    <p class='ocr_par' dir='ltr' id='par_1_6' title="bbox 0 0 1325 4574">
     <span class='ocr_line' id='line_1_41' title="bbox 0 0 1325 4574; baseline 0 0"><span class='ocrx_word' id='word_1_353' title='bbox 0 0 1325 4574; x_wconf 95' lang='lat' dir='ltr'><strong> </strong></span> 
     </span>
    </p>
   </div>
  </div>
 </body>
</html>
