2588 4574
562 277 746 329 MEDEA.

140 430 291 520 τούτων,
310 430 416 521 ἔχοιμ’
436 429 480 501 ἂν
498 432 609 502 πάντα
626 432 711 524 πρός
730 436 833 504 σέθεν
850 443 972 518 καλῶς.

567 564 741 616 ΑΙΓΕΤΣ.

147 638 219 721 μῶν
235 631 278 704 oti
298 634 483 719 ιιέαονθαςς
502 633 523 724 ἢ
540 642 577 704 τί
592 657 645 706 σοι
660 633 699 705 τό
718 639 898 728 δυσχερέςς

183 749 186 754 “
568 766 743 816 MEAEIA.

151 835 306 906 είιιοιθα·
335 844 464 908 Πελίου
483 835 517 906 d'
538 838 661 929 ἐχθρός
681 841 754 908 ε’στί
769 867 824 927 μοι
841 839 944 928 δόμος

152 938 262 1027 Κρέων
278 965 324 1007 τε.
359 938 490 1020 τούτοις
509 936 542 1007 θ’
563 937 705 1030 ὁρκίοισι
723 939 785 1028 μὲν
803 941 913 1027 ζυγεὶς

1114 960 1165 1013 730

155 1034 283 1125 θγονσιν
300 1037 342 1108 οὐ
362 1049 479 1127 μεθείς
497 1037 541 1108 ἂν
560 1038 599 1109 εἰι
616 1047 715 1127 γαίας
734 1042 803 1129 ἐμέ,

157 1139 252 1226 λόγοις
270 1139 309 1209 δὲ
327 1139 459 1230 συμβὰς
476 1142 534 1209 καὶ
550 1148 645 1211 θεῶν
664 1141 831 1229 ἐνόμοτος

212 1355 242 1403 V.
254 1357 315 1406 730.
332 1347 459 1406 τούτοισι
473 1352 502 1405 θ’
516 1354 563 1407 BC
576 1345 721 1407 coniectore
732 1356 778 1407 cd.
797 1348 911 1436 τούτοις
924 1347 953 1406 δ’
967 1355 1054 1424 B[o].

208 1422 240 1476 V.
249 1425 309 1473 731.
323 1416 434 1489 μεθῆσ’
448 1412 486 1474 ἅν
498 1422 555 1484 (sed
568 1418 641 1489 θῆσ’
655 1424 779 1486 inlitora)
793 1423 822 1472 Β.
838 1425 898 1490 μεθ
923 1411 958 1490 ἧς
970 1416 1008 1477 ἄν
1021 1425 1049 1477 G.
1066 1424 1163 1493 μεθῇς

155 1478 218 1541 ciali.
234 1490 340 1556 μεθεῖς
357 1478 394 1541 civ
407 1490 453 1570 (gi.
468 1482 596 1556 ἐκδοίης)
614 1506 630 1539 ε
646 1488 750 1556 μεθεὶς
767 1481 805 1543 ἄν
817 1493 874 1542 bod
886 1493 990 1555 μεθεῖς
1007 1483 1046 1545 ἄν
1056 1492 1082 1543 Β
1095 1504 1120 1543 et
1133 1494 1161 1545 0.

154 1556 322 1623 senMaginm,
335 1558 428 1623 μεθεῖ
453 1550 491 1610 ἄν
500 1575 551 1610 sec.
565 1559 639 1608 aiios.
653 1551 753 1621 μεθεῖ’
766 1550 804 1608 ἂν
815 1559 975 1610 Lescaris.
992 1559 1164 1626 ApndSchol.

154 1624 251 1675 inlibris
264 1625 423 1691 μεθεῖσαν,
437 1640 488 1675 nou
501 1626 590 1692 μεθεῖ
601 1615 640 1677 dv
651 1626 746 1691 legitur
758 1641 785 1690 p.
798 1628 845 1686 48,
860 1629 901 1677 16.
920 1626 997 1678 Dind.

208 1693 240 1745 V.
250 1695 308 1744 732.
324 1683 464 1758 ἐνόμοτος
477 1694 543 1756 libri,
557 1695 607 1742 nisi
621 1694 717 1756 quoda
729 1685 877 1760 ἀνόμοιος
891 1695 1068 1759 provenient.
1080 1695 1164 1746 habet.

174 1877 204 1928 V.
216 1879 316 1940 toosq.
330 1869 628 1945 venitote-cipan-

145 1957 194 1994 σιν
205 1971 238 1980 -
252 1937 288 1996 ἐκ
300 1936 488 2013 γαίαςέμέ]
501 1945 625 2012 Sophoel.

90 2030 94 2043 ·
143 2010 200 2063 bed
206 2010 326 2067 colmar.
338 2002 447 2065 οὔκουν
457 2005 535 2095 ἔγωγ’
547 2003 584 2066 ἂν
593 2042 627 2049 -

596 2069 608 2095 5

137 2072 212 2132 Ἄνευ
218 2095 253 2160 γε
264 2079 315 2159 top}
321 2080 491 2164 upoelvovwe
500 2096 579 2162 οστις
588 2099 625 2200 pv

138 2147 245 2231 ηθονος
270 2146 339 2199 Ονθ
378 2143 476 2201 εἷλκον
500 2143 563 2201 εντ’

609 2168 626 2200 ν

136 2232 240 2334 (7147011177
244 2214 502 2335 ,(ξθξξλοῗευεΐόλῖ
510 2217 625 2347 &iiiiii

136 2353 177 2402 2⁷.
196 2343 266 2409 τούς
279 2343 336 2414 σε’
355 2367 441 2410 οντας
454 2343 484 2415 ἐξ
495 2343 624 2432 Ἀθηνῶν

134 2410 301 2538 attrita
325 2420 623 2538 trtrtntt

134 2571 205 2613 νους
217 2557 280 2612 τοῖς
292 2501 425 2636 αεγονσιυ.
442 2503 596 2605 Ξεόόιοέμ

167 2622 203 2672 V.
217 2624 276 2674 731.
291 2637 331 2672 ου
343 2622 468 2688 μεθεῖς
481 2611 532 2687 ἂν]
548 2622 625 2671 Recte

134 2690 213 2740 eredo
231 2704 247 2738 a
264 2689 449 2754 Mnsgravio
466 2689 533 2739 hanc
552 2690 624 2738 verbi

133 2757 247 2807 sormam
259 2756 364 2821 μεθεῖς
382 2746 419 2807 ἂν
436 2772 483 2822 pro
500 2755 625 2822 μεθείης

132 2813 171 2875 ἄν
184 2839 245 2874 esse
259 2826 410 2875 restitutam.
435 2823 496 2890 Ipse
507 2825 626 2889 Mnsgra-

132 2893 193 2941 vius
218 2891 285 2941 dixit
308 2894 346 2941 sio
370 2900 471 2942 exstare
492 2894 518 2941 iu
543 2890 626 2944 Orest.

135 2959 213 3010 1133.
229 2958 373 3023 μεθεῖμεν
387 2974 436 3023 pro
457 2958 627 3025 μεθείημεν.

133 3036 161 3076 et
180 3025 242 3075 aiibi
264 3026 409 3092 σωθεῖμεν
430 3026 479 3091 legi
501 3042 549 3092 pro
574 3040 627 3075 σω·

132 3093 271 3159 θείημεν,
280 3095 305 3142 in
316 3108 394 3155 quam
403 3109 456 3143 rem
466 3093 533 3142 coni.
541 3093 626 3174 Iphip.

133 3160 212 3214 Tanr.
225 3177 249 3210 v.
260 3162 331 3219 996„
344 3162 388 3210 nbi
400 3152 580 3225 ἐκσωθεῖμεν
588 3176 628 3210 αν

133 3229 243 3294 legitur,
266 3239 291 3277 et
307 3229 369 3278 ibid.
385 3244 410 3277 v.
428 3231 498 3289 999„
522 3229 565 3277 ubi
587 3237 627 3276 cst

133 3296 197 3355 πῶς
208 3295 355 3361 σωθεῖμεν
372 3287 425 3352 ἄν;
444 3295 627 3361 Comprobavit

133 3362 247 3414 formam
267 3363 372 3429 μεθεῖς
389 3378 437 3429 pro
458 3361 581 3429 μεθείης
598 3365 625 3411 in

133 3431 186 3482 hoo
201 3430 308 3481 Medeae
329 3431 385 3481 ioco
407 3431 484 3480 etiam
501 3432 533 3481 G.
548 3432 625 3480 Her·

133 3513 270 3550 manuus
293 3499 326 3548 ad
347 3498 483 3552 Phoeniss.
501 3500 575 3548 1209.
598 3513 624 3562 p.

135 3569 195 3618 109.
213 3576 239 3616 et
255 3581 336 3629 quum
353 3565 488 3616 Glossator
504 3577 529 3616 et
545 3564 625 3614 Scho-

133 3634 224 3701 liastes
242 3644 331 3698 aperte
349 3649 396 3699 per
412 3625 527 3697 ἔκθοίης
543 3632 626 3697 expli-

134 3702 263 3761 caverint,
287 3701 352 3750 mihi
373 3702 472 3751 videtur
496 3702 529 3750 de
548 3700 625 3748 huius

133 3768 235 3820 formae
246 3771 355 3819 veritate
364 3768 440 3834 piane
449 3769 559 3818 dubitari
572 3782 624 3816 non

133 3851 228 3903 posse,
246 3852 299 3901 qua
315 3847 418 3901 recepta
434 3835 497 3885 haee
513 3837 626 3885 nascitur

134 3906 276 3955 sententia:
300 3904 356 3953 His
375 3905 490 3969 igitur,
513 3905 541 3953 si
557 3904 626 3952 inre

134 3972 275 4023 iurando
320 3972 500 4022 obstrictus
547 3973 624 4030 eris,

134 4055 231 4103 quum
251 4055 299 4090 me
319 4056 334 4089 e
355 4051 441 4089 terra
465 4039 626 4088 abducere

134 4107 268 4227 voi'ffl'iiti
281 4107 625 4239 niiybiictiileosbpdcie

680 1876 739 1929 καί
762 1877 858 1930 θεῶν
887 1870 1059 1944 ἕνῶμοτος
1089 1870 1160 1946 uti]

678 1947 732 1995 Iam
749 1946 788 2005 id,
808 1946 878 2008 quod
895 1946 973 1995 modo
992 1948 1110 2012 negative
1126 1948 1164 1996 di-

678 2023 746 2064 ctnm
764 2024 830 2072 erat,
852 2015 974 2079 repetitur
991 2013 1163 2064 adfirmative:

678 2096 784 2130 verum
802 2083 830 2130 si
846 2082 1014 2131 verborum
1039 2083 1165 2148 obliga-

679 2151 764 2199 tione
785 2150 868 2199 inter
886 2163 942 2199 nos
960 2151 1164 2210 convenerit,

677 2231 712 2266 ac
728 2232 784 2282 per
801 2218 875 2267 deos
894 2218 1067 2282 iuraveris‚
1086 2218 1165 2266 ami-

676 2285 1165 2335 auserisetdennntiationibus

676 2361 701 2401 et
719 2351 838 2401 oblatis
856 2353 1059 2401 inimieorum
1080 2366 1165 2402 meo·

677 2434 744 2469 rum
761 2420 1010 2469 condicionibus
1029 2433 1090 2468 non
1109 2420 1164 2468 ob·

677 2487 884 2550 temperabis.
916 2486 944 2534 In
962 2486 1002 2535 his
1020 2489 1042 2535 si
1061 2488 1119 2548 quis
1137 2488 1164 2533 iu

676 2569 706 2603 eo
724 2553 902 2612 haesitaverit,
926 2553 995 2615 quod
1019 2547 1113 2619 λόγοις
1130 2546 1164 2603 δὲ

676 2613 787 2687 σνμβοὶς
799 2621 899 2670 dicatur
911 2622 960 2686 ibi,
975 2622 1017 2670 nbi
1029 2629 1164 2686 exspecta-

676 2692 757 2738 veris:
778 2679 851 2740 ἄλλα
865 2681 960 2754 λόγοις
971 2680 1081 2754 συμβός
1093 2678 1163 2766 ατὲη

677 2760 699 2805 is
718 2756 832 2805 conferat
846 2772 870 2808 v.
884 2759 933 2806 707
948 2771 987 2817 sq.
1009 2752 1060 2805 noti
1077 2747 1149 2820 μήμ

679 2819 785 2889 ἔρημον
790 2815 969 2873 ἐκπεσοῦσαν
981 2817 1098 2886 είσίὸης,
1109 2815 1164 2870 Δὲ·

680 2889 727 2954 ξαι
749 2887 781 2940 δὲ
803 2882 880 2956 χώρᾳ
901 2884 952 2939 καλ
973 2880 1073 2951 δόμοις
1097 2878 1164 2951 ἐφέ-

679 2972 767 3008 στιον.
796 2968 821 3005 et
841 2972 907 3016 quae
933 2956 987 3004 dixi
1009 2956 1042 3003 ad
1063 2954 1165 3002 Deva·

679 3027 759 3073 rium
772 3023 823 3072 voi.
837 3024 868 3072 ΙΙ.
886 3038 912 3087 p.
926 3024 984 3073 360.
1009 3021 1164 3069 Rectissime

680 3100 764 3140 autem
788 3090 877 3140 Medea
902 3103 980 3151 quum
1004 3088 1106 3138 studeat
1132 3088 1164 3136 ab

680 3159 768 3223 Aegeo
792 3159 833 3206 ius
856 3157 992 3206 iurandum
1018 3157 1164 3220 impetrare,

679 3241 724 3285 ea,
748 3225 818 3288 quod
839 3225 946 3274 eandem
963 3239 1016 3274 rem
1034 3224 1084 3272 aiio
1101 3237 1165 3285 quo-

678 3295 738 3344 dam
754 3294 831 3342 modo
849 3294 969 3358 exponit,
991 3293 1044 3341 vim
1060 3305 1165 3357 precum

678 3377 782 3411 suarum
795 3371 880 3425 anget.
905 3360 1073 3424 Respondent
1087 3359 1166 3424 igitur

676 3430 761 3479 verbis
775 3420 896 3493 ὁρκίοισι
914 3421 967 3493 μὲν
979 3426 1074 3492 ζυγείς
1086 3427 1165 3475 verba

679 3490 775 3562 λόγοις
803 3492 835 3546 di
865 3487 975 3560 συμβὰς
1005 3491 1055 3544 ιιαλ
1085 3491 1165 3543 θεῶν

678 3555 835 3627 ἐνώμοτος,
860 3577 927 3623 quae
948 3560 1071 3609 librorum
1092 3560 1165 3608 testi-

677 3633 766 3679 monio
780 3630 843 3679 satis
856 3627 1051 3685 confirmantur,
1070 3626 1106 3674 illi
1119 3640 1165 3675 au-

677 3709 742 3757 tem,
765 3696 835 3758 quod
855 3694 933 3744 modo
952 3684 987 3744 oti
1003 3693 1107 3758 μεθεῖς
1128 3681 1166 3744 civ

677 3766 773 3815 dictum
786 3773 853 3823 erat,
871 3761 1009 3827 respondet
1023 3759 1109 3825 φίλος
1120 3756 1165 3826 γε’-

678 3823 734 3885 νοι’
748 3821 794 3882 ἄν.
820 3831 884 3880 Turn
903 3840 970 3879 recte
986 3829 1026 3879 his
1045 3829 1165 3894 adiungi-

677 3911 731 3961 tur,
753 3899 823 3962 quod
844 3899 1009 3964 potissimum
1030 3897 1166 3961 impetrare

677 3970 709 4018 ab
721 3970 810 4034 Aegeo
824 3967 913 4016 Medea
925 3966 1019 4024 voluit,
1037 3981 1069 4013 ne
1080 3964 1165 4012 inimi-

677 4051 765 4086 corum
794 4050 901 4085 suorum
930 4031 1165 4083 denuntiationibus
1195 4069 1198 4073 .

679 4105 811 4167 oboediat,
828 4102 967 4165 siquando
985 4102 1069 4164 ipsam
1084 4097 1165 4146 abdu-

678 4187 734 4220 cere
742 4171 829 4222 veiiut.
839 4162 1110 4234 Ἐπιιιηουιιεόματα
1121 4171 1167 4210 aut
