2588 4574
484 287 667 340 MEDEA.

488 439 665 490 ΜΗΔΕΙΑ.

66 539 136 602 φευ
156 530 240 601 φευ·
305 557 309 563 -
489 594 495 603 ,

65 612 109 683 οὐ
128 619 197 682 νῦν
213 641 255 704 με
272 618 426 705 πρῶτον,
444 609 529 680 ἀλλά
547 612 724 701 πολλάκις,
743 615 867 706 Κρέον,

66 721 196 803 ἔβλαψε
213 714 295 798 δόξα
312 713 441 805 papalia
457 708 490 782 τ’
512 723 683 802 εἴργασται
700 717 796 784 κακά.
1032 733 1081 807 295

65 815 131 907 χρὴ
149 813 184 886 δ’
203 813 329 887 οὔποθ’
350 813 440 896 ὅστις
457 813 632 905 ἀρτίφρων
649 815 776 904 πέφυκ’
796 814 881 906 ἀνὴρ

66 924 193 999 παῖδας
210 923 377 1008 περισσῶς
396 915 654 986 ἐκδιδάσκεσθαι
671 917 815 1006 σοφούς·

65 1021 170 1109 reale
188 1018 254 1109 κᾶν
272 1018 375 1106 ἄλλος
392 1011 432 1106 ἧς
451 1023 585 1107 ἔχουσιν
603 1017 722 1108 derha

134 1235 167 1288 V.
181 1236 242 1286 294.
253 1236 314 1286 295.
332 1234 409 1283 habet
420 1232 579 1283 Stobaeus
592 1233 650 1283 flor.
663 1232 786 1286 XXXVI.
798 1237 823 1285 3.
835 1234 886 1287 vol.
899 1236 930 1285 ll.
943 1252 970 1301 p.
982 1237 1025 1288 40.
1038 1238 1082 1298 qni

66 1303 129 1369 legit
140 1296 251 1367 ἔβλαψε
263 1300 376 1369 γλῶσσα
387 1317 412 1350 v.
425 1303 486 1352 294.

133 1370 166 1420 V.
180 1371 325 1422 296-299.
344 1369 421 1418 habet
430 1367 630 1419 Aristoteles
642 1368 706 1418 rhet.
718 1369 749 1418 ll.
763 1371 814 1430 2l.,
827 1371 870 1419 ubi
882 1364 953 1435 πρὸς
965 1361 1081 1435 ἀνδρῶν

64 1452 113 1505 pro
126 1429 199 1504 πρὸς
216 1429 312 1489 ἀστῶν
323 1437 417 1502 legitur
432 1452 457 1485 v.
471 1438 529 1488 298.
547 1435 603 1486 Duo
616 1438 716 1500 priores
727 1453 819 1488 versus
831 1438 907 1488 habet
919 1439 995 1488 etiam
1007 1438 1082 1489 Gre-

65 1506 178 1572 gorius
190 1504 250 1560 Cor.
263 1520 307 1571 ap.
319 1504 479 1554 Walzium
491 1503 564 1558 Tam.
576 1504 631 1556 VII.
644 1520 670 1569 p.
684 1506 760 1556 1154.

63 1690 81 1743 1.
92 1705 117 1743 e.
132 1704 162 1756 p.
176 1692 236 1742 118.
253 1690 416 1741 scribendum
431 1705 489 1740 esse
506 1704 549 1739 ne·
601 1691 655 1740 der
673 1691 732 1740 den
749 1691 908 1742 Verstand
927 1707 973 1741 arn
993 1692 1082 1741 rieh-

63 1759 179 1808 oessario
218 1759 318 1824 putavit
355 1753 549 1823 μεταστένειν,
601 1759 689 1822 tigen
708 1757 781 1807 Orte
801 1759 861 1811 hat.
896 1756 971 1808 Couf.
988 1759 1081 1813 Troad.

63 1839 241 1876 commemoro
283 1826 428 1887 notiorem,
471 1839 550 1888 quam
599 1828 660 1878 417.
679 1815 713 1875 od
729 1817 784 1890 γάρ
801 1815 903 1888 ἀρτίως
921 1821 995 1892 ἔχεις
1013 1822 1081 1892 φρέ-

61 1893 152 1944 inferri
184 1909 233 1959 per
262 1894 481 1959 praepositionem
509 1892 549 1942 lo·
600 1908 663 1951 νας.

64 1962 194 2025 quelarsm
219 1959 301 2011 voluit
322 1959 468 2038 Npuchius‚
492 1975 548 2010 eam
634 1961 668 2009 V.
689 1961 748 2011 297.
778 1951 1079 2028 ἐκδιδάσκεσθαι]

60 2023 548 2093 ὶεωὶοεοεοίανοοενστκρον,μέγα
600 2027 832 2078 instituendum
867 2044 977 2078 curare
1013 2027 1080 2096 (vid.

63 2091 177 2149 στένειν
199 2106 286 2146 antem
315 2098 456 2146 rectissime
484 2097 544 2154 diei,
596 2095 761 2147 Heindorf.
786 2097 820 2146 ad
840 2095 904 2147 Plau.
924 2097 1029 2162 Protag.
1054 2114 1082 2163 p.

62 2165 135 2226 quod
154 2178 207 2213 non
227 2163 284 2215 leve
304 2164 434 2226 quoddam
450 2163 546 2212 malum
597 2166 657 2217 517.
674 2167 707 2217 Α.
719 2164 872 2217 Matthiae
889 2180 928 2227 gr,
942 2164 986 2215 Gr.
1003 2166 1081 2229 ampl.

60 2232 113 2282 sibi
124 2231 225 2294 illatum
234 2232 268 2280 iri
279 2246 296 2280 a
305 2231 396 2280 Medea
406 2241 547 2295 exspectat,
597 2233 621 2293 5.
630 2233 691 2283 492.
701 2232 745 2293 ο),
755 2223 874 2295 σοφούς,
888 2225 959 2282 ὥστε
973 2225 1082 2297 σοφοὺς

62 2299 111 2349 sed
121 2301 210 2364 potius
219 2300 326 2364 gravius
335 2308 412 2360 atque
420 2299 546 2357 acerbius,
597 2294 752 2364 γενέσθαι,
773 2298 842 2353 conl.
858 2299 1009 2349 Matthiae
1024 2300 1039 2348 l.
1058 2315 1081 2352 o.

62 2369 86 2417 si
104 2382 172 2417 nuno
191 2367 339 2417 inimisittas
355 2365 459 2416 Medeae
474 2381 547 2415 reve-
597 2368 622 2427 §-
634 2369 695 2416 420.
708 2370 733 2417 3.
754 2381 874 2417 aranon.
899 2367 937 2417 De
953 2383 1002 2416 usn
1018 2367 1081 2416 Lu-

59 2449 122 2484 rens
135 2444 227 2486 cesset
599 2436 683 2483 ciani
695 2435 749 2482 dixi
763 2434 865 2484 adGall.
876 2452 898 2483 s.
908 2450 991 2487 somn.
1002 2434 1028 2496 ᾖ.
1039 2436 1081 2485 26.

95 2502 130 2553 V.
142 2504 203 2555 294.
222 2490 338 2553 odorio
377 2498 547 2567 επρῶτον,
600 2517 626 2566 p.
638 2500 929 2565 ttsqmenaatardg,
943 2502 1013 2563 quod
1025 2516 1081 2550 mo-

61 2559 151 2620 dud
180 2518 370 2636 κολλάιιιςῗ
402 2569 471 2619 Haeo
504 2579 549 2618 aut
600 2570 661 2618 dum
671 2569 771 2619 exoedit
783 2582 808 2618 et
820 2568 873 2618 fere
882 2570 1021 2634 respondet
1033 2584 1081 2618 no-

61 2651 154 2687 eorum
174 2637 268 2689 similia
288 2637 367 2686 verba
387 2638 491 2703 saepius
512 2637 548 2686 le·
600 2647 654 2686 stro
675 2637 989 2702 iibersohwa'nglieh,
1011 2637 1080 2686 conf.

58 2713 159 2770 guntur
175 2705 246 2770 apud
256 2704 420 2770 Euripidem,
436 2706 549 2754 maxime
600 2703 695 2784 Soph.
707 2704 842 2767 satagat.
854 2700 884 2755 τὸ
895 2698 948 2770 γάρ
958 2697 1078 2769 τιεριοοά

60 2774 84 2822 si
114 2772 166 2822 loci
193 2787 342 2822 communes
369 2782 547 2837 proponuntur
599 2786 737 2835 κραοσειν
746 2768 799 2823 οὐκ
810 2767 869 2838 ἔχει
883 2771 954 2823 νοῦν
962 2762 1079 2823 οὐδένα.
1130 2810 1133 2815 -

59 2850 107 2890 aut
118 2840 206 2902 aliqua
221 2842 341 2906 graviore
355 2841 547 2890 adseveratione
632 2841 665 2893 V.
685 2841 744 2890 298.
772 2838 928 2889 Sententiam
949 2839 1013 2887 hene
1036 2853 1081 2888 ex-

60 2909 295 2973 opusest,veluti
310 2898 546 2960 infrandldori
598 2908 695 2972 pressit
727 2907 891 2958 Matthiae:
931 2906 1080 2956 Praeter-

59 2973 117 3028 νῦν
148 2975 284 3027 κατεῖδον
313 2973 441 3038 πρῶτον,
472 2966 546 3026 ἀλλά
598 2989 689 3036 quam
715 2975 809 3031 enim,
837 2974 919 3033 quod
943 2974 1080 3021 inertiae

58 3038 202 3103 πολλάκις
214 3035 271 3095 aad.
284 3054 309 3093 et
321 3043 409 3092 Helen.
422 3044 479 3092 957.
493 3034 547 3106 ἐγώ
597 3038 838 3098 insimulantur,
864 3040 937 3100 quia
961 3041 992 3087 in
1014 3041 1079 3088 otio

59 3101 160 3176 μὲνοά
173 3109 238 3176 νῦν,
252 3098 545 3168 ἀλλάπολλάκιςκτὲ.
598 3118 735 3158 aetatem
763 3108 897 3172 degunt,
932 3107 963 3154 in
996 3106 1080 3154 invi-

58 3177 294 3228 Nonreotetamen
306 3178 413 3237 laceret,
432 3179 473 3240 qui
489 3177 547 3225 inde
598 3175 1077 3225 diametiamcivinminoidunt.

58 3246 268 3311 interpolationis
280 3248 451 3311 suspitionem
460 3259 547 3294 move·
597 3244 663 3293 Male
684 3243 950 3306 Wyttenbaehius
971 3243 1005 3291 ad
1025 3242 1079 3291 Ecl.

58 3324 106 3364 ret.
131 3314 200 3364 Vide
217 3329 283 3376 quae
299 3314 431 3380 disputavi
448 3314 480 3363 ad
497 3308 546 3361 He·
596 3311 657 3364 hist.
670 3328 697 3377 p.
708 3314 767 3363 293.
781 3312 853 3376 Lips.
867 3321 890 3360 et
906 3311 939 3360 ad
951 3309 1079 3359 Plutarch.

58 3381 110 3433 len.
123 3381 141 3432 l.
154 3397 176 3431 c.
189 3397 215 3446 p.
229 3384 287 3432 122.
299 3382 340 3434 ed.
354 3398 406 3432 seo.
423 3391 448 3430 et
465 3382 491 3429 in
509 3381 547 3429 si·
597 3380 669 3428 Tom.
682 3380 701 3430 1.
719 3395 745 3443 p.
757 3381 818 3429 418.
834 3370 938 3444 ἀργίαν
954 3381 1078 3455 ipterpre·

58 3449 115 3499 mili
136 3463 216 3498 eausa
231 3450 264 3499 ad
281 3449 376 3500 Alcest.
394 3452 444 3500 207
462 3463 501 3510 sq.
519 3463 544 3511 p.
597 3457 664 3496 tatur
680 3448 776 3496 otium
790 3446 957 3511 sapientis.
971 3443 1080 3510 Appt'ov

59 3519 101 3568 53.
116 3516 158 3566 ed.
173 3531 223 3566 sec.
597 3509 674 3579 ἔχειν
695 3523 734 3564 est
757 3504 860 3580 ἀργίας
882 3508 981 3563 αἰτίαν
1002 3509 1079 3576 ἔχειν

92 3584 129 3637 V.
143 3585 204 3644 225.
229 3578 363 3649 ἔβλαψε
380 3576 478 3646 δόξα·
497 3573 545 3632 δό·
596 3582 660 3644 (vid.
678 3581 738 3630 adn.
758 3583 790 3629 ad
808 3597 832 3629 v.
845 3583 904 3629 219.
922 3591 946 3626 et
962 3578 1079 3627 Sohae-

58 3666 152 3718 κησιο,
165 3666 262 3702 eonon.
276 3652 323 3701 Est
333 3667 362 3702 ea
372 3653 469 3718 opinio,
480 3648 545 3698 falsa
596 3649 608 3697 f
612 3665 650 3697 er.
664 3664 706 3712 ap.
721 3648 841 3724 Incolis.
855 3646 888 3694 ad
906 3645 982 3693 Anth.
994 3645 1076 3695 Palat.

58 3721 175 3770 maxime
187 3729 212 3769 et
223 3720 410 3784 praeiudicata,
428 3733 493 3780 quae
506 3728 545 3765 est
597 3732 623 3780 p.
646 3716 717 3776 973.)
742 3726 766 3764 et
788 3715 877 3779 αλλης
901 3714 1027 3779 abundat,
1051 3723 1079 3762 ut

56 3787 195 3837 hominum
212 3787 348 3848 danobis,
371 3787 413 3834 hie
430 3785 545 3836 Creontis
596 3784 667 3848 apud
692 3783 855 3832 Platonem
883 3780 961 3846 Gorg.
988 3782 1012 3842 ἕ.
1035 3784 1076 3859 94.

59 3855 90 3905 de
101 3855 204 3904 Medea.
595 3843 653 3902 ἀπὸ
672 3849 730 3902 τῶν
746 3848 870 3901 πολιτῶν
884 3846 1007 3900 καὶτῶν
1028 3851 1078 3899 αλ-

91 3923 126 3972 V.
152 3924 213 3974 296.
243 3910 340 3980 ὅστις
366 3913 544 3986 ἀρτίφρων
595 3921 653 3970 λων
666 3914 762 3981 ξένων.
780 3932 902 3968 raanan.
927 3916 1079 3966 Nonabun-

58 3979 188 4069 πέφυκ’
226 3978 330 4056 ἀνήρ]
375 3979 541 4053 ’.ἀρτίφρων
596 3988 640 4037 dat
661 3988 763 4049 quidem
784 3976 871 4045 ἄλλος
892 3987 918 4034 in
936 3985 1078 4035 eiusmodi

59 4049 207 4124 ripamaris
216 4050 318 4123 φρένα,
325 4049 453 4121 σώφρων,
464 4070 545 4107 aava·
594 4055 668 4116 loeis,
678 4056 724 4106 sed
733 4071 774 4105 res
789 4057 892 4104 notione
902 4055 960 4118 ipsa
971 4055 1036 4102 iuter
1051 4067 1079 4102 se

60 4119 117 4185 τός.
132 4140 304 4178 sanaremus.
329 4124 464 4190 Significat
476 4139 542 4184 eum,
596 4123 794 4183 dissimillimas,
813 4137 879 4185 quae
891 4122 924 4170 ad
941 4136 1021 4171 unum
1033 4120 1078 4168 de-

60 4195 137 4244 ouiin
148 4208 214 4244 sano
224 4208 332 4259 corpore
342 4205 462 4244 estmens
472 4207 544 4251 sana,
596 4192 674 4252 nique
690 4191 766 4241 finem
788 4200 905 4256 spectant
925 4190 1000 4239 etita
1016 4199 1078 4252 pro-
